%% This BibTeX bibliography file was created using BibDesk.
%% http://bibdesk.sourceforge.net/
@article{hofstadter1994copycat,
year = {1994},
  title={The copycat project: A model of mental fluidity and analogy-making},
  author={Hofstadter, Douglas R and Mitchell, Melanie and others}
}
@article{Ullman2012, author = {Ullman, T. and Goodman, N. D. and Tenenbaum, J. B.}, date-modified = {2015-12-21 20:43:28 +0000}, journal = {Cognitive {D}evelopment}, number = {4}, pages = {455--480}, title = {Theory learning as stochastic search in the language of thought}, volume = {27}, website = {http://www.mit.edu/~tomeru/papers/tlss-final.pdf}, year = {2012} }
@article{real_world,
author = {Sumit Gulwani and Jose Hernandez-Orallo and Emanuel Kitzelmann and Stephen Muggleton and Ute Schmid and Ben Zorn},
title = {Inductive Programming Meets the Real World},
 journal = {Commun. ACM},
year = {2015}
}
@article{DBLP:journals/corr/GregorDGW15,
  author    = {Karol Gregor and
               Ivo Danihelka and
               Alex Graves and
               Daan Wierstra},
  title     = {{DRAW:} {A} Recurrent Neural Network For Image Generation},
  journal   = {CoRR},
  volume    = {abs/1502.04623},
  year      = {2015},
  url       = {http://arxiv.org/abs/1502.04623},
  timestamp = {Mon, 02 Mar 2015 14:17:34 +0100},
  biburl    = {http://dblp.uni-trier.de/rec/bib/journals/corr/GregorDGW15},
  bibsource = {dblp computer science bibliography, http://dblp.org}
}
@inproceedings{schkufza2013stochastic,
  title={Stochastic superoptimization},
  author={Schkufza, Eric and Sharma, Rahul and Aiken, Alex},
  booktitle={ACM SIGARCH Computer Architecture News},
  volume={41},
  number={1},
  pages={305--316},
  year={2013},
  organization={ACM}
}
@article{turtle,
author = {David D. Thornburg},
title = {Friends of the Turtle},
journal = {Compute!},
year = {1983},
month = {March}
}

@article{Kuncak:2010:CFS:1809028.1806632,
 author = {Kuncak, Viktor and Mayer, Mika\"{e}l and Piskac, Ruzica and Suter, Philippe},
 title = {Complete Functional Synthesis},
 journal = {SIGPLAN Not.},
 issue_date = {June 2010},
 volume = {45},
 number = {6},
 month = jun,
 year = {2010},
 issn = {0362-1340},
 pages = {316--329},
 numpages = {14},
 url = {http://doi.acm.org/10.1145/1809028.1806632},
 doi = {10.1145/1809028.1806632},
 acmid = {1806632},
 publisher = {ACM},
 address = {New York, NY, USA},
 keywords = {bapa, decision procedure, presburger arithmetic, synthesis procedure},
} 
@inproceedings{torlak2013growing,
  title={Growing solver-aided languages with Rosette},
  author={Torlak, Emina and Bodik, Rastislav},
  booktitle={Proceedings of the 2013 ACM international symposium on New ideas, new paradigms, and reflections on programming \& software},
  pages={135--152},
  year={2013},
  organization={ACM}
}
@techreport{professor,
title = {Morfessor 2.0: Python Implementation and Extensions for Morfessor Baseline},
author = {Sami Virpioja and Peter Smit and Stig-Arne Gr√∂nroos and Mikko Kurimo},
institution = {Aalto University, Helsinki},
year = 2013}
@inproceedings{creutz2002unsupervised,
  title={Unsupervised discovery of morphemes},
  author={Creutz, Mathias and Lagus, Krista},
  booktitle={Proceedings of the ACL-02 workshop on Morphological and phonological learning-Volume 6},
  pages={21--30},
  year={2002},
  organization={Association for Computational Linguistics}
}
@inproceedings{krizhevsky2012imagenet,
  title={Imagenet classification with deep convolutional neural networks},
  author={Krizhevsky, Alex and Sutskever, Ilya and Hinton, Geoffrey E},
  booktitle={Advances in neural information processing systems},
  pages={1097--1105},
  year={2012}
}

@article {lecun-98,
original =    "orig/lecun-98.ps.gz",
author = 	"LeCun, Y. and Bottou, L. and Bengio, Y. and Haffner, P.",
title = 	"Gradient-Based Learning Applied to Document Recognition",
journal =	"Proceedings of the IEEE",
month =         "November",
volume =        "86",
number =        "11",
pages =         "2278-2324",
year =		1998
}
@phdthesis{piantadosi2011learning,
  title={Learning and the language of thought},
  author={Piantadosi, Steven Thomas},
  year={2011},
  school={Massachusetts Institute of Technology}
}
@inproceedings{jha2010oracle,
  title={Oracle-guided component-based program synthesis},
  author={Jha, Susmit and Gulwani, Sumit and Seshia, Sanjit A and Tiwari, Ashish},
  booktitle={ICSE},
  volume={1},
  pages={215--224},
  year={2010},
  organization={IEEE}
}

@inproceedings{Gulwani:2011:SLP:1993498.1993506,
 author = {Gulwani, Sumit and Jha, Susmit and Tiwari, Ashish and Venkatesan, Ramarathnam},
 title = {Synthesis of Loop-free Programs},
 booktitle = {PLDI},
 year = 2011,
 isbn = {978-1-4503-0663-8},
 location = {San Jose, California, USA},
 pages = {62--73},
 numpages = 12,
 url = {http://doi.acm.org/10.1145/1993498.1993506},
 doi = {10.1145/1993498.1993506},
 acmid = 1993506,
 publisher = {ACM},
 address = {New York, NY, USA},
 keywords = {component-based synthesis, program synthesis, smt},
} 

@article{Goldsmith:2001:ULM:972667.972668,
 author = {Goldsmith, John},
 title = {Unsupervised Learning of the Morphology of a Natural Language},
 journal = {Comput. Linguist.},
 issue_date = {June 2001},
 volume = {27},
 number = {2},
 month = jun,
 year = {2001},
 issn = {0891-2017},
 pages = {153--198},
 numpages = {46},
 url = {http://dx.doi.org/10.1162/089120101750300490},
 doi = {10.1162/089120101750300490},
 acmid = {972668},
 publisher = {MIT Press},
 address = {Cambridge, MA, USA},
} 
@article{DBLP:journals/corr/NarasimhanBJ15,
  author    = {Karthik Narasimhan and
               Regina Barzilay and
               Tommi S. Jaakkola},
  title     = {An Unsupervised Method for Uncovering Morphological Chains},
  journal   = {CoRR},
  volume    = {abs/1503.02335},
  year      = {2015},
  url       = {http://arxiv.org/abs/1503.02335},
  timestamp = {Fri, 15 May 2015 13:53:15 +0200},
  biburl    = {http://dblp.uni-trier.de/rec/bib/journals/corr/NarasimhanBJ15},
  bibsource = {dblp computer science bibliography, http://dblp.org}
}
@article{dehaene2006core,
  title={Core knowledge of geometry in an Amazonian indigene group},
  author={Dehaene, Stanislas and Izard, V{\'e}ronique and Pica, Pierre and Spelke, Elizabeth},
  journal={Science},
  volume={311},
  number={5759},
  pages={381--384},
  year={2006},
  publisher={American Association for the Advancement of Science}
}
@article{ngds,
  title={Neural-Guided Deductive Search for Real-Time Program Synthesis from Examples},
  author={Kalyan, Ashwin and Mohta, Abhishek and Polozov, Oleksandr and Batra, Dhruv and Jain, Prateek and Gulwani, Sumit},
  journal={ICLR},
  year={2018}
}
@article{ganin2018synthesizing,
  title={Synthesizing Programs for Images using Reinforced Adversarial Learning},
  author={Ganin, Yaroslav and Kulkarni, Tejas and Babuschkin, Igor and Eslami, SM and Vinyals, Oriol},
  journal={ICML},
  year={2018}
}
@incollection{Schmidhuber:05gmai,
author = {J. Schmidhuber},
title = {G\"{o}del machines:
Fully Self-Referential Optimal Universal Self-Improvers},
booktitle = {Artificial General Intelligence},
editor={B. Goertzel and C. Pennachin},
note =         {Variant available as arXiv:cs.LO/0309048},
publisher = {Springer Verlag},
pages={199-226},
year   = {2006}}

@article{schmidhuber2004optimal,
  title={Optimal ordered problem solver},
  author={Schmidhuber, J{\"u}rgen},
  journal={Machine Learning},
  volume={54},
  number={3},
  pages={211--254},
  year={2004},
  publisher={Springer}
}

@ARTICLE{2016arXiv160306677L,
   author = {{Liang}, P.},
    title = "{Learning Executable Semantic Parsers for Natural Language Understanding}",
  journal = {ArXiv e-prints},
archivePrefix = "arXiv",
   eprint = {1603.06677},
 primaryClass = "cs.CL",
 keywords = {Computer Science - Computation and Language, Computer Science - Artificial Intelligence},
     year = 2016,
    month = mar,
   adsurl = {http://adsabs.harvard.edu/abs/2016arXiv160306677L},
  adsnote = {Provided by the SAO/NASA Astrophysics Data System}
}

@article{unsupervisedmorphology,
year={2010},
issn={1570-7075},
journal={Research on Language and Computation},
volume={8},
number={2-3},
doi={10.1007/s11168-011-9077-2},
title={Investigating the Relationship Between Linguistic Representation and Computation through an Unsupervised Model of Human Morphology Learning},
url={http://dx.doi.org/10.1007/s11168-011-9077-2},
publisher={Springer Netherlands},
keywords={Language acquisition; Morphology; Unsupervised learning; Cognitive modeling},
author={Chan, Erwin and Lignos, Constantine},
pages={209-238},
language={English}
}

@incollection{pdp1986,
	Author = {Rumelhart, D. E. and J. L. McClelland},
	Pages = {Volume 2, 216-271},
	Publisher = {Bradford Books/MIT Press},
	Title = {On learning the past tenses of English verbs},
booktitle = {Parallel distributed processing: Explorations in the microstructure of cognition},
	Year = {1986}}
@techreport{yipSussman,
title = {A computational model for the acquisition and use of phonological knowledge},
author = {Yip, K. and G. J. Sussman},
institution = {Massachusetts Institute of Technology - Artificial Intelligence Laboratory},
year = {1996},
month = {March},
number = {AIM-1575}
}
@article{mooney1995induction,
  title={Induction of first-order decision lists: Results on learning the past tense of English verbs},
  author={Mooney, Raymond J. and Califf, Mary E.},
journal = {JAIR},
pages = {1--24},
volume = {3},
  year={1995}
}

@inproceedings{mansinghka2013approximate,
  title={Approximate Bayesian image interpretation using generative probabilistic graphics programs},
  author={Mansinghka, Vikash and Kulkarni, Tejas D and Perov, Yura N and Tenenbaum, Josh},
  booktitle={Advances in Neural Information Processing Systems},
  pages={1520--1528},
  year={2013}
}

@article{solomonoff1964formal,
  title={A formal theory of inductive inference},
  author={Solomonoff, Ray J},
  journal={Information and control},
  volume={7},
  number={1},
  pages={1--22},
  year={1964},
  publisher={Elsevier}
}
@incollection{gao2013dreal,
  title={dReal: An SMT solver for nonlinear theories over the reals},
  author={Gao, Sicun and Kong, Soonho and Clarke, Edmund M},
  booktitle={Automated Deduction--CADE-24},
  pages={208--214},
  year={2013},
  publisher={Springer}
}

@article{Fischler:1981:RSC:358669.358692,
 author = {Fischler, Martin A. and Bolles, Robert C.},
 title = {Random Sample Consensus: A Paradigm for Model Fitting with Applications to Image Analysis and Automated Cartography},
 journal = {Commun. ACM},
 issue_date = {June 1981},
 volume = {24},
 number = {6},
 month = jun,
 year = {1981},
 issn = {0001-0782},
 pages = {381--395},
 numpages = {15},
 url = {http://doi.acm.org/10.1145/358669.358692},
 doi = {10.1145/358669.358692},
 acmid = {358692},
 publisher = {ACM},
 address = {New York, NY, USA},
 keywords = {automated cartography, camera calibration, image matching, location determination, model fitting, scene analysis},
} 
@book{lexicon,
author = "Baayen, R, R Piepenbrock and L Gulikers",
title = "CELEX2 LDC96L14",
year = "1995",
publisher = "Philadelphia: Linguistic Data Consortium",
note = "Web download"
}
@book{contemporary_linguistics,
author = "O'Grady, William D. and Michael Dobrovolsky and Francis Katamba",
title = "Contemporary Linguistics: An Introduction",
year = "1997",
publisher = "London: Longman"
}
@article{seidenberg2014quasiregularity,
  title={Quasiregularity and its discontents: the legacy of the past tense debate},
  author={Seidenberg, Mark S and Plaut, David C},
  journal={Cognitive science},
  volume={38},
  number={6},
  pages={1190--1228},
  year={2014},
  publisher={Wiley Online Library}
}
@article{fleuret2011comparing,
  title={Comparing machines and humans on a visual categorization test},
  author={Fleuret, Fran{\c{c}}ois and Li, Ting and Dubout, Charles and Wampler, Emma K and Yantis, Steven and Geman, Donald},
  journal={PNAS},
  volume={108},
  number={43},
  pages={17621--17625},
  year={2011},
  publisher={National Acad Sciences}
}
@inproceedings{nori2015efficient,
  title={Efficient synthesis of probabilistic programs},
  author={Nori, Aditya V and Ozair, Sherjil and Rajamani, Sriram K and Vijaykeerthy, Deepak},
  booktitle={PLDI},
  pages={208--217},
  year={2015},
  organization={ACM}
}


@incollection{de2008z3,
  title={Z3: An efficient SMT solver},
  author={De Moura, Leonardo and Bj{\o}rner, Nikolaj},
  booktitle={Tools and Algorithms for the Construction and Analysis of Systems},
  pages={337--340},
  year={2008},
  publisher={Springer}
}
@inproceedings{ermon2013embed,
  title={Embed and project: Discrete sampling with universal hashing},
  author={Ermon, Stefano and Gomes, Carla P and Sabharwal, Ashish and Selman, Bart},
  booktitle={Advances in Neural Information Processing Systems},
  pages={2085--2093},
  year={2013}
}

@article{ermon2012uniform,
  title={Uniform solution sampling using a constraint solver as an oracle},
  author={Ermon, Stefano and Gomes, Carla P and Selman, Bart},
  journal={UAI},
  year={2012}
}

@inproceedings{srivastava2010program,
  title={From program verification to program synthesis},
  author={Srivastava, Saurabh and Gulwani, Sumit and Foster, Jeffrey S},
  booktitle={ACM Sigplan Notices},
  volume={45},
  number={1},
  pages={313--326},
  year={2010},
  organization={ACM}
}

@article{lecun2015deep,
  title={Deep learning},
  author={LeCun, Yann and Bengio, Yoshua and Hinton, Geoffrey},
  journal={Nature},
  volume={521},
  number={7553},
  pages={436--444},
  year={2015},
  publisher={Nature Publishing Group}
}



@phdthesis{solar2008program,
    Author = {Solar Lezama, Armando},
    Title = {Program Synthesis By Sketching},
    School = {EECS Department, University of California, Berkeley},
    Year = {2008},
    Month = {Dec},
    URL = {http://www.eecs.berkeley.edu/Pubs/TechRpts/2008/EECS-2008-177.html},
    Number = {UCB/EECS-2008-177},
    Abstract = {The goal of software synthesis is to generate programs automatically from high-level specifications. However, efficient implementations for challenging programs require a combination of high-level algorithmic insights and low-level implementation details. Deriving the low-level details is a natural job for a computer, but the synthesizer can not replace the human insight. Therefore, one of the central challenges for software synthesis is to establish a synergy between the programmer and the synthesizer, exploiting the programmer's expertise to reduce the burden on the synthesizer.
}}

@ARTICLE{Albright03rulesvs,
    author = {Adam Albright and Bruce Hayes},
    title = {Rules vs. analogy in English past tenses: A computational/experimental study},
    journal = {Cognition},
    year = {2003},
    volume = {90},
    pages = {119--161}
}
@inproceedings{lake2013one,
  title={One-shot learning by inverting a compositional causal process},
  author={Lake, Brenden M and Salakhutdinov, Ruslan R and Tenenbaum, Josh},
  booktitle={Advances in neural information processing systems},
  pages={2526--2534},
  year={2013}
}

@inproceedings{logical,
title = {Modeling Semantic Cognition as Logical Dimensionality Reduction},
author = {Yarden Katz and Noah D. Goodman and Kristian Kersting and Charles Kemp and Joshua B. Tenenbaum},
booktitle = {CogSci},
Pages = {71-76},
year = 2008}

@book{pierce,
	Author = {Benjamin C. Pierce},
	Bibsource = {DBLP, http://dblp.uni-trier.de},
	Date-Added = {2013-10-23 01:05:21 +0000},
	Date-Modified = {2013-10-23 01:05:21 +0000},
	Isbn = {978-0-262-16209-8},
	Pages = {I-XXI, 1-623},
	Publisher = {MIT Press},
	Title = {Types and programming languages},
	Year = {2002}}


@inproceedings{johnson2006adaptor,
  title={Adaptor grammars: A framework for specifying compositional nonparametric Bayesian models},
  author={Johnson, Mark and Griffiths, Thomas L and Goldwater, Sharon},
  booktitle={Advances in neural information processing systems},
  pages={641--648},
  year={2006}
}

%% Created for Eyal Dechter at 2013-10-23 15:28:06 -0400 
@inproceedings{DBLP:conf/uai/GoodmanMRBT08,
  author    = {Noah D. Goodman and
               Vikash K. Mansinghka and
               Daniel M. Roy and
               Keith Bonawitz and
               Joshua B. Tenenbaum},
  title     = {Church: a language for generative models},
  booktitle = {UAI},
  year      = {2008},
  pages     = {220--229},
  crossref  = {DBLP:conf/uai/2008},
  url       = {http://uai.sis.pitt.edu/displayArticleDetails.jsp?mmnu=1&smnu=2&article_id=1346&proceeding_id=24},
  timestamp = {Thu, 09 Oct 2014 01:03:28 +0200},
  biburl    = {http://dblp.uni-trier.de/rec/bib/conf/uai/GoodmanMRBT08},
  bibsource = {dblp computer science bibliography, http://dblp.org}
}
@book{tim,
author = {Timothy J. O'Donnell},
title = {Productivity and Reuse in Language: A Theory of Linguistic Computation and Storage},
year = {2015},
publisher = {The MIT Press}}

@article{McArthur,
author = {Dale, P. S. and Fenson, L.},
title = {Lexical development norms for young children},
year = {1996},
journal = {Behavioral Research Methods, Instruments, \& Computers}, 
volume = {28},
pages = {125--127}
}

%% Saved with string encoding Unicode (UTF-8) 
@book{Li:2008:IKC:1478784,
 author = {Li, Ming and Vitnyi, Paul M.B.},
 title = {An Introduction to Kolmogorov Complexity and Its Applications},
 year = {2008},
 isbn = {0387339981, 9780387339986},
 edition = {3},
 publisher = {Springer Publishing Company, Incorporated},
} 

@book{Bishop:2006:PRM:1162264,
 author = {Bishop, Christopher M.},
 title = {Pattern Recognition and Machine Learning (Information Science and Statistics)},
 year = {2006},
 isbn = {0387310738},
 publisher = {Springer-Verlag New York, Inc.},
 address = {Secaucus, NJ, USA},
} 


@INPROCEEDINGS{Kurihara06variationalbayesian,
    author = {Kenichi Kurihara and Taisuke Sato},
    title = {Variational Bayesian grammar induction for natural language},
    booktitle = {In International Colloquium on Grammatical Inference},
    year = {2006},
    pages = {84--96}
}

@book{Cormen:2001:IA:580470,
 author = {Cormen, Thomas H. and Stein, Clifford and Rivest, Ronald L. and Leiserson, Charles E.},
 title = {Introduction to Algorithms},
 year = {2001},
 isbn = {0070131511},
 edition = {2nd},
 publisher = {McGraw-Hill Higher Education},
} 

@inproceedings{MuggletonBuntine:88a,
    author = {Muggleton, Stephen and Buntine, Wray L.},
    booktitle = {Proceedings of the 5th International Conference on Machine Learning},
    citeulike-article-id = {8511946},
    keywords = {ilp, inductive\_logic\_programming},
    pages = {339--352},
    posted-at = {2011-01-06 17:11:15},
    priority = {2},
    publisher = {Morgan Kaufman},
    title = {{Machine Invention of First Order Predicates by Inverting Resolution}},
    year = {1988}
}


@book{Russell:2003:AIM:773294,
 author = {Russell, Stuart J. and Norvig, Peter},
 title = {Artificial Intelligence: A Modern Approach},
 year = {2003},
 isbn = {0137903952},
 edition = {2},
 publisher = {Pearson Education},
} 

@article{cec,
 author = {Kevin Ellis and Eyal Dechter and Ryan P. Adams and Joshua B. Tenenbaum},
 title = {Learning Graphical Concepts},
 year = {2013},
 journal = {NIPS Workshop on Constructive Machine Learning}
} 

@article{stochinv,
  author    = {Andreas Stuhlm√É¬ºller, Jacob Taylor, and Noah D. Goodman},
  title     = {Learning Stochastic Inverses},
  journal   = {NIPS},
  year      = {2013}
}
@article{neuralGuide,
title = {Neurally-Guided Procedural Models: Amortized Inference for Procedural Graphics Programs using Neural Networks},
year = {2016},
journal = {NIPS},
author = {Daniel Ritchie, Anna Thomas, Pat Hanrahan, Noah D. Goodman}}



@article{DBLP:journals/corr/cs-AI-9709102,
 author = {Nevill-Manning, Craig G. and Witten, Ian H.},
 title = {Identifying Hierarchical Structure in Sequences: A Linear-time Algorithm},
 journal = {J. Artif. Int. Res.},
 issue_date = {July 1997},
 volume = {7},
 number = {1},
 month = sep,
 year = {1997},
 issn = {1076-9757},
 pages = {67--82},
 numpages = {16},
 url = {http://dl.acm.org/citation.cfm?id=1622776.1622780},
 acmid = {1622780},
 publisher = {AI Access Foundation},
 address = {USA},
}

@inproceedings{DBLP:conf/aaip/Kitzelmann09,
	Author = {Emanuel Kitzelmann},
	Bibsource = {DBLP, http://dblp.uni-trier.de},
	Booktitle = {AAIP},
	Crossref = {DBLP:conf/aaip/2009},
	Date-Added = {2013-10-23 19:17:09 +0000},
	Date-Modified = {2013-10-23 19:17:28 +0000},
	Ee = {http://dx.doi.org/10.1007/978-3-642-11931-6_3},
	Keywords = {survey, inductive programming, program synthesis},
	Pages = {50-73},
	Title = {Inductive Programming: A Survey of Program Synthesis Techniques},
	Year = {2009}}

@proceedings{DBLP:conf/aaip/2009,
	Bibsource = {DBLP, http://dblp.uni-trier.de},
	Booktitle = {AAIP},
	Date-Added = {2013-10-23 19:17:09 +0000},
	Date-Modified = {2013-10-23 19:17:09 +0000},
	Editor = {Ute Schmid and Emanuel Kitzelmann and Rinus Plasmeijer},
	Ee = {http://dx.doi.org/10.1007/978-3-642-11931-6},
	Isbn = {978-3-642-11930-9},
	Publisher = {Springer},
	Series = {Lecture Notes in Computer Science},
	Title = {Approaches and Applications of Inductive Programming, Third International Workshop, AAIP 2009, Edinburgh, UK, September 4, 2009. Revised Papers},
	Volume = {5812},
	Year = {2010}}

@article{DBLP:journals/corr/abs-1302-6815,
	Author = {David Heckerman and Dan Geiger and David Maxwell Chickering},
	Bibsource = {DBLP, http://dblp.uni-trier.de},
	Date-Added = {2013-10-23 18:22:33 +0000},
	Date-Modified = {2013-10-23 18:22:51 +0000},
	Ee = {http://arxiv.org/abs/1302.6815},
	Journal = {CoRR},
	Keywords = {graphical model structure learning, bayesian networks},
	Title = {Learning Bayesian Networks: The Combination of Knowledge and Statistical Data},
	Volume = {abs/1302.6815},
	Year = {2013}}

@book{lauritzen1996,
	Added-At = {2010-03-25T16:34:59.000+0100},
	Author = {Lauritzen, Steffen L.},
	Biburl = {http://www.bibsonomy.org/bibtex/2ced39d23200f7ae9a7c38e5e65b6e416/3mta3},
	Date-Added = {2013-10-23 17:51:14 +0000},
	Date-Modified = {2013-10-23 18:03:52 +0000},
	Interhash = {1fbc2c33d8565597e6fb80a796effff2},
	Intrahash = {ced39d23200f7ae9a7c38e5e65b6e416},
	Isbn = {0-19-852219-3},
	Keywords = {graphical models},
	Publisher = {Oxford University Press},
	Timestamp = {2010-03-25T16:34:59.000+0100},
	Title = {Graphical Models},
	Year = 1996}

@inproceedings{DBLP:conf/icml/HonorioS10,
	Author = {Jean Honorio and Dimitris Samaras},
	Bibsource = {DBLP, http://dblp.uni-trier.de},
	Booktitle = {ICML},
	Crossref = {DBLP:conf/icml/2010},
	Date-Added = {2013-10-23 17:47:35 +0000},
	Date-Modified = {2013-10-23 17:48:05 +0000},
	Ee = {http://www.icml2010.org/papers/35.pdf},
	Keywords = {multitask learning, graphical model structure learning, gaussian graphical models},
	Pages = {447-454},
	Title = {Multi-Task Learning of Gaussian Graphical Models},
	Year = {2010},
	Bdsk-File-1 = {YnBsaXN0MDDUAQIDBAUGJCVYJHZlcnNpb25YJG9iamVjdHNZJGFyY2hpdmVyVCR0b3ASAAGGoKgHCBMUFRYaIVUkbnVsbNMJCgsMDxJXTlMua2V5c1pOUy5vYmplY3RzViRjbGFzc6INDoACgAOiEBGABIAFgAdccmVsYXRpdmVQYXRoWWFsaWFzRGF0YV8QOC4uLy4uLy4uLy4uL0dvb2dsZSBEcml2ZS9MaWJyYXJ5L2ljbWwyMDEwX0hvbm9yaW9TMTAucGRm0hcLGBlXTlMuZGF0YU8RAcAAAAAAAcAAAgAADE1hY2ludG9zaCBIRAAAAAAAAAAAAAAAAAAAAMww2rJIKwAAAAb+sRdpY21sMjAxMF9Ib25vcmlvUzEwLnBkZgAAAAAAAAAAAAAAAAAAAAAAAAAAAAAAAAAAAAAAAAAAAAAAAAAAAAABvJqyzo2EMQAAAAAAAAAAAAQAAwAACSAAAAAAAAAAAAAAAAAAAAAHTGlicmFyeQAAEAAIAADMMRLyAAAAEQAIAADOjbxxAAAAAQAQAAb+sQBr2RsABmOkAAIN+QACAExNYWNpbnRvc2ggSEQ6VXNlcnM6AGVkZWNodGVyOgBHb29nbGUgRHJpdmU6AExpYnJhcnk6AGljbWwyMDEwX0hvbm9yaW9TMTAucGRmAA4AMAAXAGkAYwBtAGwAMgAwADEAMABfAEgAbwBuAG8AcgBpAG8AUwAxADAALgBwAGQAZgAPABoADABNAGEAYwBpAG4AdABvAHMAaAAgAEgARAASADtVc2Vycy9lZGVjaHRlci9Hb29nbGUgRHJpdmUvTGlicmFyeS9pY21sMjAxMF9Ib25vcmlvUzEwLnBkZgAAEwABLwAAFQACAA///wAAgAbSGxwdHlokY2xhc3NuYW1lWCRjbGFzc2VzXU5TTXV0YWJsZURhdGGjHR8gVk5TRGF0YVhOU09iamVjdNIbHCIjXE5TRGljdGlvbmFyeaIiIF8QD05TS2V5ZWRBcmNoaXZlctEmJ1Ryb290gAEACAARABoAIwAtADIANwBAAEYATQBVAGAAZwBqAGwAbgBxAHMAdQB3AIQAjgDJAM4A1gKaApwCoQKsArUCwwLHAs4C1wLcAukC7AL+AwEDBgAAAAAAAAIBAAAAAAAAACgAAAAAAAAAAAAAAAAAAAMI}}

@inproceedings{DBLP:conf/nips/Thrun95,
	Author = {Sebastian Thrun},
	Bibsource = {DBLP, http://dblp.uni-trier.de},
	Booktitle = {NIPS},
	Crossref = {DBLP:conf/nips/1995},
	Date-Added = {2013-10-23 17:44:34 +0000},
	Date-Modified = {2013-10-23 17:44:57 +0000},
	Ee = {http://nips.djvuzone.org/djvu/nips08/0640.djvu},
	Keywords = {multitask learning, transfer learning},
	Pages = {640-646},
	Title = {Is Learning The n-th Thing Any Easier Than Learning The First?},
	Year = {1995},
	Bdsk-File-1 = {YnBsaXN0MDDUAQIDBAUGJCVYJHZlcnNpb25YJG9iamVjdHNZJGFyY2hpdmVyVCR0b3ASAAGGoKgHCBMUFRYaIVUkbnVsbNMJCgsMDxJXTlMua2V5c1pOUy5vYmplY3RzViRjbGFzc6INDoACgAOiEBGABIAFgAdccmVsYXRpdmVQYXRoWWFsaWFzRGF0YV8QLy4uLy4uLy4uLy4uL0dvb2dsZSBEcml2ZS9MaWJyYXJ5L3RocnVuLTE5OTYucGRm0hcLGBlXTlMuZGF0YU8RAZwAAAAAAZwAAgAADE1hY2ludG9zaCBIRAAAAAAAAAAAAAAAAAAAAMww2rJIKwAAAAb+sQ50aHJ1bi0xOTk2LnBkZgAAAAAAAAAAAAAAAAAAAAAAAAAAAAAAAAAAAAAAAAAAAAAAAAAAAAAAAAAAAAAAAAABvJLtzo2DIwAAAAAAAAAAAAQAAwAACSAAAAAAAAAAAAAAAAAAAAAHTGlicmFyeQAAEAAIAADMMRLyAAAAEQAIAADOjbtjAAAAAQAQAAb+sQBr2RsABmOkAAIN+QACAENNYWNpbnRvc2ggSEQ6VXNlcnM6AGVkZWNodGVyOgBHb29nbGUgRHJpdmU6AExpYnJhcnk6AHRocnVuLTE5OTYucGRmAAAOAB4ADgB0AGgAcgB1AG4ALQAxADkAOQA2AC4AcABkAGYADwAaAAwATQBhAGMAaQBuAHQAbwBzAGgAIABIAEQAEgAyVXNlcnMvZWRlY2h0ZXIvR29vZ2xlIERyaXZlL0xpYnJhcnkvdGhydW4tMTk5Ni5wZGYAEwABLwAAFQACAA///wAAgAbSGxwdHlokY2xhc3NuYW1lWCRjbGFzc2VzXU5TTXV0YWJsZURhdGGjHR8gVk5TRGF0YVhOU09iamVjdNIbHCIjXE5TRGljdGlvbmFyeaIiIF8QD05TS2V5ZWRBcmNoaXZlctEmJ1Ryb290gAEACAARABoAIwAtADIANwBAAEYATQBVAGAAZwBqAGwAbgBxAHMAdQB3AIQAjgDAAMUAzQJtAm8CdAJ/AogClgKaAqECqgKvArwCvwLRAtQC2QAAAAAAAAIBAAAAAAAAACgAAAAAAAAAAAAAAAAAAALb}}

@proceedings{DBLP:conf/nips/1995,
	Bibsource = {DBLP, http://dblp.uni-trier.de},
	Booktitle = {NIPS},
	Date-Added = {2013-10-23 17:44:34 +0000},
	Date-Modified = {2013-10-23 17:44:34 +0000},
	Editor = {David S. Touretzky and Michael Mozer and Michael E. Hasselmo},
	Isbn = {0-262-20107-0},
	Publisher = {MIT Press},
	Title = {Advances in Neural Information Processing Systems 8, NIPS, Denver, CO, November 27-30, 1995},
	Year = {1996}}

@article{DBLP:journals/jmlr/Niculescu-MizilC12,
	Author = {Alexandru Niculescu-Mizil and Rich Caruana},
	Bibsource = {DBLP, http://dblp.uni-trier.de},
	Date-Added = {2013-10-23 17:43:18 +0000},
	Date-Modified = {2013-10-23 17:43:41 +0000},
	Ee = {http://jmlr.csail.mit.edu/proceedings/papers/v27/niculescu12a.html},
	Journal = {Journal of Machine Learning Research - Proceedings Track},
	Keywords = {graphical model structure learning, bayesian networks, transfer learning, multitask learning},
	Pages = {167-180},
	Title = {Inductive Transfer for Bayesian Network Structure Learning},
	Volume = {27},
	Year = {2012},
	Bdsk-File-1 = {YnBsaXN0MDDUAQIDBAUGJCVYJHZlcnNpb25YJG9iamVjdHNZJGFyY2hpdmVyVCR0b3ASAAGGoKgHCBMUFRYaIVUkbnVsbNMJCgsMDxJXTlMua2V5c1pOUy5vYmplY3RzViRjbGFzc6INDoACgAOiEBGABIAFgAdccmVsYXRpdmVQYXRoWWFsaWFzRGF0YV8QNy4uLy4uLy4uLy4uL0dvb2dsZSBEcml2ZS9MaWJyYXJ5L25pY3VsZXNjdS1taXppbDA3YS5wZGbSFwsYGVdOUy5kYXRhTxEBvAAAAAABvAACAAAMTWFjaW50b3NoIEhEAAAAAAAAAAAAAAAAAAAAzDDaskgrAAAABv6xFm5pY3VsZXNjdS1taXppbDA3YS5wZGYAAAAAAAAAAAAAAAAAAAAAAAAAAAAAAAAAAAAAAAAAAAAAAAAAAAAAAAG8kbDOjYKkAAAAAAAAAAAABAADAAAJIAAAAAAAAAAAAAAAAAAAAAdMaWJyYXJ5AAAQAAgAAMwxEvIAAAARAAgAAM6NuuQAAAABABAABv6xAGvZGwAGY6QAAg35AAIAS01hY2ludG9zaCBIRDpVc2VyczoAZWRlY2h0ZXI6AEdvb2dsZSBEcml2ZToATGlicmFyeToAbmljdWxlc2N1LW1pemlsMDdhLnBkZgAADgAuABYAbgBpAGMAdQBsAGUAcwBjAHUALQBtAGkAegBpAGwAMAA3AGEALgBwAGQAZgAPABoADABNAGEAYwBpAG4AdABvAHMAaAAgAEgARAASADpVc2Vycy9lZGVjaHRlci9Hb29nbGUgRHJpdmUvTGlicmFyeS9uaWN1bGVzY3UtbWl6aWwwN2EucGRmABMAAS8AABUAAgAP//8AAIAG0hscHR5aJGNsYXNzbmFtZVgkY2xhc3Nlc11OU011dGFibGVEYXRhox0fIFZOU0RhdGFYTlNPYmplY3TSGxwiI1xOU0RpY3Rpb25hcnmiIiBfEA9OU0tleWVkQXJjaGl2ZXLRJidUcm9vdIABAAgAEQAaACMALQAyADcAQABGAE0AVQBgAGcAagBsAG4AcQBzAHUAdwCEAI4AyADNANUClQKXApwCpwKwAr4CwgLJAtIC1wLkAucC+QL8AwEAAAAAAAACAQAAAAAAAAAoAAAAAAAAAAAAAAAAAAADAw==}}

@article{dempster:1977,
	Added-At = {2010-01-20T18:08:23.000+0100},
	Author = {Dempster, A. P. and Laird, M. N. and Rubin, D. B.},
	Biburl = {http://www.bibsonomy.org/bibtex/2d5f0329cfcf9f9e330e4dd634843ace4/vivion},
	Date-Added = {2013-10-23 12:48:46 +0000},
	Date-Modified = {2013-10-23 12:48:58 +0000},
	Description = {The original paper on the Expectation-Maximisation algorithm},
	Interhash = {0b3397bb6b4f02a227d3a8ec8d2159bf},
	Intrahash = {d5f0329cfcf9f9e330e4dd634843ace4},
	Journal = {Journal of the Royal Statistical Society: Series B (Statistical Methodology)},
	Keywords = {EM, maximum likelihood estimation},
	Pages = {1--22},
	Timestamp = {2010-01-20T18:08:23.000+0100},
	Title = {Maximum Likelihood from Incomplete Data via the {EM} Algorithm},
	Volume = 39,
	Year = 1977}

@book{DBLP:books/daglib/0005958,
	Author = {Benjamin C. Pierce},
	Bibsource = {DBLP, http://dblp.uni-trier.de},
	Date-Added = {2013-10-23 01:05:21 +0000},
	Date-Modified = {2013-10-23 01:05:21 +0000},
	Isbn = {978-0-262-16209-8},
	Pages = {I-XXI, 1-623},
	Publisher = {MIT Press},
	Title = {Types and programming languages},
	Year = {2002}}

@article{lake2015human,
  title={Human-level concept learning through probabilistic program induction},
  author={Lake, Brenden M and Salakhutdinov, Ruslan and Tenenbaum, Joshua B},
  journal={Science},
  volume={350},
  number={6266},
  pages={1332--1338},
  year={2015},
  publisher={American Association for the Advancement of Science}
}
@inproceedings{liang11dcs,
  author = {P. Liang and M. I. Jordan and D. Klein},
  booktitle = {Association for Computational Linguistics (ACL)},
  pages = {590--599},
  title = {Learning Dependency-Based Compositional Semantics},
  year = {2011},
}


@inproceedings{DBLP:conf/icml/LiangJK10,
	Author = {Percy Liang and Michael I. Jordan and Dan Klein},
	Bibsource = {DBLP, http://dblp.uni-trier.de},
	Booktitle = {ICML},
	Crossref = {DBLP:conf/icml/2010},
	Date-Added = {2013-10-23 01:04:30 +0000},
	Date-Modified = {2013-10-23 01:04:30 +0000},
	Ee = {http://www.icml2010.org/papers/568.pdf},
	Pages = {639-646},
	Title = {Learning Programs: A Hierarchical Bayesian Approach},
	Year = {2010}}

@proceedings{DBLP:conf/icml/2010,
	Bibsource = {DBLP, http://dblp.uni-trier.de},
	Booktitle = {ICML},
	Date-Added = {2013-10-23 01:04:30 +0000},
	Date-Modified = {2013-10-23 01:04:30 +0000},
	Editor = {Johannes F{\"u}rnkranz and Thorsten Joachims},
	Isbn = {978-1-60558-907-7},
	Publisher = {Omnipress},
	Title = {Proceedings of the 27th International Conference on Machine Learning (ICML-10), June 21-24, 2010, Haifa, Israel},
	Year = {2010}}
@book{international2000derivation,
  title={A Derivation of the Inside-outside Algorithm from the EM Algorithm},
  author={Lafferty, J.D.},
  series={Research report},
  url={http://books.google.com/books?id=aOKAGwAACAAJ},
  year={2000},
  publisher={IBM T.J. Watson Research Center}
}

@inproceedings{Dechter:2013:BLV:2540128.2540316,
 author = {Dechter, Eyal and Malmaud, Jon and Adams, Ryan P. and Tenenbaum, Joshua B.},
 title = {Bootstrap Learning via Modular Concept Discovery},
 booktitle = {IJCAI},
 year = 2013,
 isbn = {978-1-57735-633-2},
 location = {Beijing, China},
 pages = {1302--1309},
 numpages = 8,
 url = {http://dl.acm.org/citation.cfm?id=2540128.2540316},
 acmid = 2540316,
 publisher = {AAAI Press},
} 
@article{adams-wallach-ghahramani-2010a,
	Abstract = {Deep belief networks are a powerful way to model complex probability distributions. However, learning the structure of a belief network, particularly one with hidden units, is difficult. The Indian buffet process has been used as a nonparametric Bayesian prior on the directed structure of a belief network with a single infinitely wide hidden layer. In this paper, we introduce the cascading Indian buffet process (CIBP), which provides a nonparametric prior on the structure of a layered, directed belief network that is unbounded in both depth and width, yet allows tractable inference. We use the CIBP prior with the nonlinear Gaussian belief network so each unit can additionally vary its behavior between discrete and continuous representations. We provide Markov chain Monte Carlo algorithms for inference in these belief networks and explore the structures learned on several image data sets.},
	Author = {Ryan Prescott Adams and Hanna M. Wallach and Zoubin Ghahramani},
	Date-Added = {2013-10-22 17:18:21 +0000},
	Date-Modified = {2013-10-23 18:15:06 +0000},
	Journal = {Journal of Machine Learning Research: Workshop and Conference Proceedings (AISTATS)},
	Keywords = {bayesian nonparametrics, graphical models, highlighted, indian buffet process, graphical model structure learning},
	Month = {05/2010},
	Pages = {1-8},
	Title = {Learning the Structure of Deep Sparse Graphical Models},
	Volume = {9},
	Year = {2010},
	Bdsk-Url-1 = {http://hips.seas.harvard.edu/files/w/papers/adams-wallach-ghahramani-2010a.pdf}}

@book{DBLP:books/daglib/0066829,
	Author = {Judea Pearl},
	Bibsource = {DBLP, http://dblp.uni-trier.de},
	Date-Added = {2013-10-22 17:14:07 +0000},
	Date-Modified = {2013-10-22 17:14:16 +0000},
	Keywords = {graphical models, bayesian networks},
	Pages = {I-XIX, 1-552},
	Publisher = {Morgan Kaufmann},
	Series = {Morgan Kaufmann series in representation and reasoning},
	Title = {Probabilistic reasoning in intelligent systems - networks of plausible inference},
	Year = {1989}}

@article{DBLP:journals/neco/Redlich93,
	Author = {A. Norman Redlich},
	Bibsource = {DBLP, http://dblp.uni-trier.de},
	Date-Added = {2013-10-22 14:50:24 +0000},
	Date-Modified = {2013-10-22 14:50:48 +0000},
	Ee = {http://dx.doi.org/10.1162/neco.1993.5.2.289},
	Journal = {Neural Computation},
	Keywords = {unsupervised learning, compression},
	Number = {2},
	Pages = {289-304},
	Title = {Redundancy Reduction as a Strategy for Unsupervised Learning},
	Volume = {5},
	Year = {1993}}

@article{ISI:000303923300006,
	Article-Number = {{S5}},
	Author = {Razavian, Narges Sharif and Kamisetty, Hetunandan and Langmead, Christopher J.},
	Date-Added = {2013-10-22 12:44:28 +0000},
	Date-Modified = {2013-10-22 12:47:06 +0000},
	Doi = {{10.1186/1471-2164-13-S1-S5}},
	Issn = {{1471-2164}},
	Journal = {{BMC GENOMICS}},
	Keywords = {drug discovery, structure learning, graphical model structure learning},
	Month = {{JAN 17}},
	Number = {{1}},
	Times-Cited = {{0}},
	Title = {{Learning generative models of molecular dynamics}},
	Unique-Id = {{ISI:000303923300006}},
	Volume = {{13}},
	Year = {{2012}},
	Bdsk-Url-1 = {http://dx.doi.org/10.1186/1471-2164-13-S1-S5%7D}}

@article{ISI:000288138700004,
	Author = {Balakrishnan, Sivaraman and Kamisetty, Hetunandan and Carbonell, Jaime G. and Lee, Su-In and Langmead, Christopher James},
	Date-Added = {2013-10-22 12:44:28 +0000},
	Date-Modified = {2013-10-22 12:46:53 +0000},
	Doi = {{10.1002/prot.22934}},
	Issn = {{0887-3585}},
	Journal = {{PROTEINS-STRUCTURE FUNCTION AND BIOINFORMATICS}},
	Keywords = {drug discovery, structure learning, graphical model structure learning},
	Month = {{APR}},
	Number = {{4}},
	Pages = {{1061-1078}},
	Times-Cited = {{9}},
	Title = {{Learning generative models for protein fold families}},
	Unique-Id = {{ISI:000288138700004}},
	Volume = {{79}},
	Year = {{2011}},
	Bdsk-Url-1 = {http://dx.doi.org/10.1002/prot.22934%7D}}

@article{ISI:000278692300005,
	Author = {Nielsen, Jens D. and Rumi, Rafael and Salmeron, Antonio},
	Date-Added = {2013-10-22 12:44:28 +0000},
	Date-Modified = {2013-10-22 12:46:40 +0000},
	Doi = {{10.1016/j.ijar.2010.01.010}},
	Issn = {{0888-613X}},
	Journal = {{INTERNATIONAL JOURNAL OF APPROXIMATE REASONING}},
	Keywords = {graphical model structure learning},
	Month = {{JUN}},
	Note = {{4th European Workshop on Probabilistic Graphical Models, Hirtshals, DENMARK, SEP 17-19, 2008}},
	Number = {{5, SI}},
	Pages = {{515-530}},
	Times-Cited = {{1}},
	Title = {{Structural-EM for learning PDG models from incomplete data}},
	Unique-Id = {{ISI:000278692300005}},
	Volume = {{51}},
	Year = {{2010}},
	Bdsk-Url-1 = {http://dx.doi.org/10.1016/j.ijar.2010.01.010%7D}}

@article{ISI:000273609600008,
	Author = {Ommer, Bjoern and Buhmann, Joachim M.},
	Date-Added = {2013-10-22 12:44:28 +0000},
	Date-Modified = {2013-10-22 12:46:29 +0000},
	Doi = {{10.1109/TPAMI.2009.22}},
	Issn = {{0162-8828}},
	Journal = {{IEEE TRANSACTIONS ON PATTERN ANALYSIS AND MACHINE INTELLIGENCE}},
	Keywords = {computer vision, structure learning},
	Month = {{MAR}},
	Number = {{3}},
	Pages = {{501-516}},
	Times-Cited = {{10}},
	Title = {{Learning the Compositional Nature of Visual Object Categories for Recognition}},
	Unique-Id = {{ISI:000273609600008}},
	Volume = {{32}},
	Year = {{2010}},
	Bdsk-Url-1 = {http://dx.doi.org/10.1109/TPAMI.2009.22%7D}}

@article{ISI:000240797500002,
	Author = {Tsamardinos, Ioannis and Brown, Laura E. and Aliferis, Constantin F.},
	Date-Added = {2013-10-22 12:44:28 +0000},
	Date-Modified = {2013-10-23 18:26:11 +0000},
	Doi = {{10.1007/s10994-006-6889-7}},
	Issn = {{0885-6125}},
	Journal = {Machine Learning},
	Keywords = {bayesian networks, graphical model structure learning},
	Month = {{OCT}},
	Number = {{1}},
	Pages = {{31-78}},
	Times-Cited = {{135}},
	Title = {{The max-min hill-climbing Bayesian network structure learning algorithm}},
	Unique-Id = {{ISI:000240797500002}},
	Volume = {{65}},
	Year = {{2006}},
	Bdsk-Url-1 = {http://dx.doi.org/10.1007/s10994-006-6889-7%7D}}

@article{ISI:000233177500009,
	Author = {Ralaivola, L and Swamidass, SJ and Saigo, H and Baldi, P},
	Date-Added = {2013-10-22 12:44:28 +0000},
	Date-Modified = {2013-10-22 12:46:03 +0000},
	Doi = {{10.1016/j.neunet.2005.07.009}},
	Issn = {{0893-6080}},
	Journal = {{NEURAL NETWORKS}},
	Keywords = {drug discovery, graph kernels, structure learning},
	Month = {{OCT}},
	Number = {{8}},
	Pages = {{1093-1110}},
	Times-Cited = {{81}},
	Title = {{Graph kernels for chemical informatics}},
	Unique-Id = {{ISI:000233177500009}},
	Volume = {{18}},
	Year = {{2005}},
	Bdsk-Url-1 = {http://dx.doi.org/10.1016/j.neunet.2005.07.009%7D}}

@article{ISI:000178037200004,
	Author = {Friedman, N and Koller, D},
	Date-Added = {2013-10-22 12:44:28 +0000},
	Date-Modified = {2013-10-23 18:26:37 +0000},
	Doi = {{10.1023/A:1020249912095}},
	Issn = {{0885-6125}},
	Journal = {Machine Learning},
	Keywords = {bayesian networks, graphical model structure learning},
	Month = {{JAN-FEB}},
	Number = {{1-2}},
	Pages = {{95-125}},
	Researcherid-Numbers = {{Friedman, Nir/H-9692-2012}},
	Times-Cited = {{196}},
	Title = {{Being Bayesian about network structure. A Bayesian approach to structure discovery in Bayesian networks}},
	Unique-Id = {{ISI:000178037200004}},
	Volume = {{50}},
	Year = {{2003}},
	Bdsk-Url-1 = {http://dx.doi.org/10.1023/A:1020249912095%7D}}

@article{ISI:A1996UK68200002,
	Author = {Buntine, W},
	Date-Added = {2013-10-22 12:44:28 +0000},
	Date-Modified = {2013-10-22 12:45:35 +0000},
	Doi = {{10.1109/69.494161}},
	Issn = {{1041-4347}},
	Journal = {{IEEE TRANSACTIONS ON KNOWLEDGE AND DATA ENGINEERING}},
	Keywords = {graphical model structure learning, bayesian networks},
	Month = {{APR}},
	Number = {{2}},
	Pages = {{195-210}},
	Times-Cited = {{174}},
	Title = {{A guide to the literature on learning probabilistic networks from data}},
	Unique-Id = {{ISI:A1996UK68200002}},
	Volume = {{8}},
	Year = {{1996}},
	Bdsk-Url-1 = {http://dx.doi.org/10.1109/69.494161%7D}}

@article{ISI:A1994QA06400001,
	Author = {JAIN, AN and DIETTERICH, TG and LATHROP, RH and CHAPMAN, D and CRITCHLOW, RE and BAUER, BE and WEBSTER, TA and LOZANOPEREZ, T},
	Date-Added = {2013-10-22 12:44:28 +0000},
	Date-Modified = {2013-10-22 12:45:09 +0000},
	Doi = {{10.1007/BF00124012}},
	Issn = {{0920-654X}},
	Journal = {{JOURNAL OF COMPUTER-AIDED MOLECULAR DESIGN}},
	Keywords = {drug discovery, structure learning},
	Month = {{DEC}},
	Number = {{6}},
	Orcid-Numbers = {{Lozano-Perez, Tomas/0000-0002-8657-2450}},
	Pages = {{635-652}},
	Researcherid-Numbers = {{Lozano-Perez, Tomas/J-9374-2012}},
	Times-Cited = {{80}},
	Title = {{COMPASS - A SHAPE-BASED MACHINE LEARNING TOOL FOR DRUG DESIGN}},
	Unique-Id = {{ISI:A1994QA06400001}},
	Volume = {{8}},
	Year = {{1994}},
	Bdsk-Url-1 = {http://dx.doi.org/10.1007/BF00124012%7D}}

@article{DBLP:journals/jair/Buntine94,
	Author = {Wray L. Buntine},
	Bibsource = {DBLP, http://dblp.uni-trier.de},
	Date-Added = {2013-10-22 03:09:47 +0000},
	Date-Modified = {2013-10-22 03:09:53 +0000},
	Ee = {http://dx.doi.org/10.1613/jair.62},
	Journal = {J. Artif. Intell. Res. (JAIR)},
	Keywords = {plate notation},
	Pages = {159-225},
	Title = {Operations for Learning with Graphical Models},
	Volume = {2},
	Year = {1994}}

@article{DBLP:journals/jmlr/BleiNJ03,
	Author = {David M. Blei and Andrew Y. Ng and Michael I. Jordan},
	Bibsource = {DBLP, http://dblp.uni-trier.de},
	Date-Added = {2013-10-22 02:05:28 +0000},
	Date-Modified = {2013-10-22 02:05:55 +0000},
	Ee = {http://www.jmlr.org/papers/v3/blei03a.html},
	Journal = {Journal of Machine Learning Research},
	Keywords = {LDA, machine learning, topic models},
	Pages = {993-1022},
	Title = {Latent Dirichlet Allocation},
	Volume = {3},
	Year = {2003},
	Bdsk-File-1 = {YnBsaXN0MDDUAQIDBAUGJCVYJHZlcnNpb25YJG9iamVjdHNZJGFyY2hpdmVyVCR0b3ASAAGGoKgHCBMUFRYaIVUkbnVsbNMJCgsMDxJXTlMua2V5c1pOUy5vYmplY3RzViRjbGFzc6INDoACgAOiEBGABIAFgAdccmVsYXRpdmVQYXRoWWFsaWFzRGF0YV8QLS4uLy4uLy4uLy4uL0dvb2dsZSBEcml2ZS9MaWJyYXJ5L0JsZWlOSjAzLnBkZtIXCxgZV05TLmRhdGFPEQGUAAAAAAGUAAIAAAxNYWNpbnRvc2ggSEQAAAAAAAAAAAAAAAAAAADMMNqySCsAAAAG/rEMQmxlaU5KMDMucGRmAAAAAAAAAAAAAAAAAAAAAAAAAAAAAAAAAAAAAAAAAAAAAAAAAAAAAAAAAAAAAAAAAAAAAbsctc6LVbsAAAAAAAAAAAAEAAMAAAkgAAAAAAAAAAAAAAAAAAAAB0xpYnJhcnkAABAACAAAzDES8gAAABEACAAAzouN+wAAAAEAEAAG/rEAa9kbAAZjpAACDfkAAgBBTWFjaW50b3NoIEhEOlVzZXJzOgBlZGVjaHRlcjoAR29vZ2xlIERyaXZlOgBMaWJyYXJ5OgBCbGVpTkowMy5wZGYAAA4AGgAMAEIAbABlAGkATgBKADAAMwAuAHAAZABmAA8AGgAMAE0AYQBjAGkAbgB0AG8AcwBoACAASABEABIAMFVzZXJzL2VkZWNodGVyL0dvb2dsZSBEcml2ZS9MaWJyYXJ5L0JsZWlOSjAzLnBkZgATAAEvAAAVAAIAD///AACABtIbHB0eWiRjbGFzc25hbWVYJGNsYXNzZXNdTlNNdXRhYmxlRGF0YaMdHyBWTlNEYXRhWE5TT2JqZWN00hscIiNcTlNEaWN0aW9uYXJ5oiIgXxAPTlNLZXllZEFyY2hpdmVy0SYnVHJvb3SAAQAIABEAGgAjAC0AMgA3AEAARgBNAFUAYABnAGoAbABuAHEAcwB1AHcAhACOAL4AwwDLAmMCZQJqAnUCfgKMApAClwKgAqUCsgK1AscCygLPAAAAAAAAAgEAAAAAAAAAKAAAAAAAAAAAAAAAAAAAAtE=}}

@inproceedings{DBLP:conf/birthday/Shapiro91,
	Author = {Ehud Y. Shapiro},
	Bibsource = {DBLP, http://dblp.uni-trier.de},
	Booktitle = {Computational Logic - Essays in Honor of Alan Robinson},
	Date-Added = {2013-10-21 18:15:18 +0000},
	Date-Modified = {2013-10-21 18:19:57 +0000},
	Keywords = {ILP, inductive programming, theory learning},
	Pages = {199-254},
	Title = {Inductive Inference of Theories from Facts},
	Year = {1991},
	Bdsk-File-1 = {YnBsaXN0MDDUAQIDBAUGJCVYJHZlcnNpb25YJG9iamVjdHNZJGFyY2hpdmVyVCR0b3ASAAGGoKgHCBMUFRYaIVUkbnVsbNMJCgsMDxJXTlMua2V5c1pOUy5vYmplY3RzViRjbGFzc6INDoACgAOiEBGABIAFgAdccmVsYXRpdmVQYXRoWWFsaWFzRGF0YV8QKi4uLy4uLy4uLy4uL0dvb2dsZSBEcml2ZS9MaWJyYXJ5L3RyMTkyLnBkZtIXCxgZV05TLmRhdGFPEQGIAAAAAAGIAAIAAAxNYWNpbnRvc2ggSEQAAAAAAAAAAAAAAAAAAADMMNqySCsAAAAG/rEJdHIxOTIucGRmAAAAAAAAAAAAAAAAAAAAAAAAAAAAAAAAAAAAAAAAAAAAAAAAAAAAAAAAAAAAAAAAAAAAAAAAAbqzms6K55hQREYgAAAAAAAEAAMAAAkgAAAAAAAAAAAAAAAAAAAAB0xpYnJhcnkAABAACAAAzDES8gAAABEACAAAzosf2AAAAAEAEAAG/rEAa9kbAAZjpAACDfkAAgA+TWFjaW50b3NoIEhEOlVzZXJzOgBlZGVjaHRlcjoAR29vZ2xlIERyaXZlOgBMaWJyYXJ5OgB0cjE5Mi5wZGYADgAUAAkAdAByADEAOQAyAC4AcABkAGYADwAaAAwATQBhAGMAaQBuAHQAbwBzAGgAIABIAEQAEgAtVXNlcnMvZWRlY2h0ZXIvR29vZ2xlIERyaXZlL0xpYnJhcnkvdHIxOTIucGRmAAATAAEvAAAVAAIAD///AACABtIbHB0eWiRjbGFzc25hbWVYJGNsYXNzZXNdTlNNdXRhYmxlRGF0YaMdHyBWTlNEYXRhWE5TT2JqZWN00hscIiNcTlNEaWN0aW9uYXJ5oiIgXxAPTlNLZXllZEFyY2hpdmVy0SYnVHJvb3SAAQAIABEAGgAjAC0AMgA3AEAARgBNAFUAYABnAGoAbABuAHEAcwB1AHcAhACOALsAwADIAlQCVgJbAmYCbwJ9AoECiAKRApYCowKmArgCuwLAAAAAAAAAAgEAAAAAAAAAKAAAAAAAAAAAAAAAAAAAAsI=}}

@proceedings{DBLP:conf/ijcai/1981,
	Bibsource = {DBLP, http://dblp.uni-trier.de},
	Booktitle = {IJCAI},
	Date-Added = {2013-10-21 17:54:01 +0000},
	Date-Modified = {2013-10-21 17:56:38 +0000},
	Editor = {Patrick J. Hayes},
	Keywords = {AI, inductive programming, ILP},
	Publisher = {William Kaufmann},
	Title = {Proceedings of the 7th International Joint Conference on Artificial Intelligence (IJCAI '81), Vancouver, BC, Canada, August 1981},
	Year = {1981}}

@article{DBLP:journals/iandc/Gold67,
	Author = {E. Mark Gold},
	Bibsource = {DBLP, http://dblp.uni-trier.de},
	Date-Added = {2013-10-21 13:29:25 +0000},
	Date-Modified = {2013-10-21 13:29:34 +0000},
	Ee = {http://dx.doi.org/10.1016/S0019-9958(67)91165-5},
	Journal = {Information and Control},
	Keywords = {language identification},
	Number = {5},
	Pages = {447-474},
	Title = {Language Identification in the Limit},
	Volume = {10},
	Year = {1967}}

@book{earl1966experiments,
	Author = {Earl B. Hunt and Janet Marin and Philip J. Stone},
	Date-Added = {2013-10-21 13:28:08 +0000},
	Date-Modified = {2013-10-21 13:28:49 +0000},
	Keywords = {concept learning, AI, induction},
	Lccn = {lc65026400},
	Publisher = {Academic Press},
	Title = {Experiments in induction},
	Url = {http://books.google.com/books?id=sQoLAAAAMAAJ},
	Year = {1966},
	Bdsk-Url-1 = {http://books.google.com/books?id=sQoLAAAAMAAJ}}

@book{BrunerGoodnowAustin56,
	Added-At = {2008-09-16T23:39:07.000+0200},
	Address = {New York},
	Author = {Bruner, J. S and Goodnow, J. J. and Austin, G. A.},
	Biburl = {http://www.bibsonomy.org/bibtex/2eba35f59fd1295a72191f02a05c6c9dd/brian.mingus},
	Date-Added = {2013-10-21 13:17:46 +0000},
	Date-Modified = {2013-10-21 13:18:36 +0000},
	Description = {CCNLab BibTeX},
	Interhash = {b1cf8b4ec6ab1de3798f45279ec3996f},
	Intrahash = {eba35f59fd1295a72191f02a05c6c9dd},
	Keywords = {cognition, concept learning, },
	Publisher = {John Wiley},
	Timestamp = {2008-09-16T23:39:07.000+0200},
	Title = {A study of thinking},
	Year = 1956}

@book{DBLP:books/daglib/0070933,
	Author = {John R. Koza},
	Bibsource = {DBLP, http://dblp.uni-trier.de},
	Date-Added = {2013-10-21 13:16:56 +0000},
	Date-Modified = {2013-10-21 13:17:04 +0000},
	Isbn = {978-0-262-11170-6},
	Keywords = {genetic programming},
	Pages = {I-XVIII, 1-419},
	Publisher = {MIT Press},
	Series = {Complex adaptive systems},
	Title = {Genetic programming - on the programming of computers by means of natural selection},
	Year = {1993}}
@Book{poli08:fieldguide,
  author =       "Riccardo Poli and William B. Langdon and 
                 Nicholas Freitag McPhee",
  title =        "A field guide to genetic programming",
  publisher =    "Published via \texttt{http://lulu.com} and freely
                 available at
                 \texttt{http://www.gp-field-guide.org.uk}",
  year =         "2008",
  note =         "(With contributions by J. R. Koza)",
}
@inproceedings{DBLP:conf/aips/SchmidW00,
	Author = {Ute Schmid and Fritz Wysotzki},
	Bibsource = {DBLP, http://dblp.uni-trier.de},
	Booktitle = {AIPS},
	Crossref = {DBLP:conf/aips/2000},
	Date-Added = {2013-10-21 13:15:56 +0000},
	Date-Modified = {2013-10-21 13:16:19 +0000},
	Ee = {http://www.aaai.org/Library/AIPS/2000/aips00-041.php},
	Keywords = {inductive programming, program synthesis, macro learning, planning},
	Pages = {371-378},
	Title = {Applying Inductive Program Synthesis to Macro Learning},
	Year = {2000}}

@proceedings{DBLP:conf/aips/2000,
	Bibsource = {DBLP, http://dblp.uni-trier.de},
	Booktitle = {AIPS},
	Date-Added = {2013-10-21 13:15:56 +0000},
	Date-Modified = {2013-10-21 13:15:56 +0000},
	Editor = {Steve Chien and Subbarao Kambhampati and Craig A. Knoblock},
	Isbn = {1-57735-111-8},
	Publisher = {AAAI},
	Title = {Proceedings of the Fifth International Conference on Artificial Intelligence Planning Systems, Breckenridge, CO, USA, April 14-17, 2000},
	Year = {2000}}

@techreport{mccarthy_j1:1963a,
	Address = {Stanford University},
	Author = {John McCarthy},
	Contentnote = {This is the original situation calculus paper.},
	Date-Added = {2013-10-21 13:10:06 +0000},
	Date-Modified = {2013-10-21 13:10:21 +0000},
	Institution = {Stanford Artificial Intelligence Project},
	Keywords = {situation calculus},
	Number = {Memo 2},
	Title = {Situations, Actions, and Causal Laws},
	Topic = {situation-calculus;action-formalisms;planning-formalisms;},
	Year = {1983}}

@article{DBLP:journals/jar/MannaW87,
	Author = {Zohar Manna and Richard J. Waldinger},
	Bibsource = {DBLP, http://dblp.uni-trier.de},
	Date-Added = {2013-10-21 13:06:56 +0000},
	Date-Modified = {2013-10-21 13:07:14 +0000},
	Ee = {http://dx.doi.org/10.1007/BF00247434},
	Journal = {J. Autom. Reasoning},
	Keywords = {planning, blocks-world},
	Number = {4},
	Pages = {343-377},
	Title = {How to Clear a Block: A Theory of Plans},
	Volume = {3},
	Year = {1987}}

@inproceedings{DBLP:conf/kr/MartinG00,
	Author = {Mario Martin and Hector Geffner},
	Bibsource = {DBLP, http://dblp.uni-trier.de},
	Booktitle = {KR},
	Crossref = {DBLP:conf/kr/2000},
	Date-Added = {2013-10-21 13:02:44 +0000},
	Date-Modified = {2013-10-21 13:03:03 +0000},
	Keywords = {planning, macro learning, generalization},
	Pages = {667-677},
	Title = {Learning Generalized Policies in Planning Using Concept Languages},
	Year = {2000}}

@proceedings{DBLP:conf/kr/2000,
	Bibsource = {DBLP, http://dblp.uni-trier.de},
	Booktitle = {KR},
	Date-Added = {2013-10-21 13:02:44 +0000},
	Date-Modified = {2013-10-21 13:02:44 +0000},
	Editor = {Anthony G. Cohn and Fausto Giunchiglia and Bart Selman},
	Publisher = {Morgan Kaufmann},
	Title = {KR 2000, Principles of Knowledge Representation and Reasoning Proceedings of the Seventh International Conference, Breckenridge, Colorado, USA, April 11-15, 2000},
	Year = {2000}}

@article{DBLP:journals/ml/Shavlik90,
	Author = {Jude W. Shavlik},
	Bibsource = {DBLP, http://dblp.uni-trier.de},
	Date-Added = {2013-10-21 13:01:21 +0000},
	Date-Modified = {2013-10-21 13:01:49 +0000},
	Ee = {http://dx.doi.org/10.1007/BF00115894},
	Journal = {Machine Learning},
	Keywords = {planning, macro learning, explanation-based learning},
	Pages = {39-40},
	Title = {Acquiring Recursive and Iterative Concepts with Explanation-Based Learning},
	Volume = {5},
	Year = {1990}}

@inproceedings{DBLP:conf/ijcai/ShellC89,
	Author = {Peter Shell and Jaime G. Carbonell},
	Bibsource = {DBLP, http://dblp.uni-trier.de},
	Booktitle = {IJCAI},
	Crossref = {DBLP:conf/ijcai/1989},
	Date-Added = {2013-10-21 13:00:13 +0000},
	Date-Modified = {2013-10-21 13:00:29 +0000},
	Keywords = {planning, macro learning},
	Pages = {596-602},
	Title = {Towards a General Framework for Composing Disjunctive and Iterative Macro-operators},
	Year = {1989}}


@inproceedings{menon2013machine,
  title={A machine learning framework for programming by example},
  author={Menon, Aditya and Tamuz, Omer and Gulwani, Sumit and Lampson, Butler and Kalai, Adam},
  booktitle={ICML},
  pages={187--195},
  year=2013
}


@proceedings{DBLP:conf/ijcai/1989,
	Bibsource = {DBLP, http://dblp.uni-trier.de},
	Booktitle = {IJCAI},
	Date-Added = {2013-10-21 13:00:13 +0000},
	Date-Modified = {2013-10-21 13:00:13 +0000},
	Editor = {N. S. Sridharan},
	Isbn = {1-55860-094-9},
	Publisher = {Morgan Kaufmann},
	Title = {Proceedings of the 11th International Joint Conference on Artificial Intelligence. Detroit, MI, USA, August 1989},
	Year = {1989}}

@article{journals/ai/Korf85a,
	Added-At = {2011-06-30T00:00:00.000+0200},
	Author = {Korf, Richard E.},
	Biburl = {http://www.bibsonomy.org/bibtex/28e6fa7d61708960ffe65f4ff3c53b87e/dblp},
	Date-Added = {2013-10-21 12:58:11 +0000},
	Date-Modified = {2013-10-21 17:35:03 +0000},
	Ee = {http://dx.doi.org/10.1016/0004-3702(85)90012-8},
	Interhash = {336710310e3cc39dd81f02ae4e19fbb2},
	Intrahash = {8e6fa7d61708960ffe65f4ff3c53b87e},
	Journal = {Artif. Intell.},
	Keywords = {planning, macro learning},
	Number = 1,
	Pages = {35-77},
	Timestamp = {2011-06-30T00:00:00.000+0200},
	Title = {Macro-Operators: A Weak Method for Learning.},
	Url = {http://dblp.uni-trier.de/db/journals/ai/ai26.html#Korf85a},
	Volume = 26,
	Year = 1985,
	Bdsk-Url-1 = {http://dblp.uni-trier.de/db/journals/ai/ai26.html#Korf85a}}

@inproceedings{DBLP:conf/ijcai/Minton85,
	Author = {Steven Minton},
	Bibsource = {DBLP, http://dblp.uni-trier.de},
	Booktitle = {IJCAI},
	Crossref = {DBLP:conf/ijcai/1985},
	Date-Added = {2013-10-21 12:56:22 +0000},
	Date-Modified = {2013-10-21 12:57:10 +0000},
	Keywords = {planning, macro learning, problem solving},
	Pages = {596-599},
	Title = {Selectively Generalizing Plans for Problem-Solving},
	Year = {1985}}

@proceedings{DBLP:conf/ijcai/1985,
	Bibsource = {DBLP, http://dblp.uni-trier.de},
	Booktitle = {IJCAI},
	Date-Added = {2013-10-21 12:56:22 +0000},
	Date-Modified = {2013-10-21 12:56:22 +0000},
	Editor = {Aravind K. Joshi},
	Publisher = {Morgan Kaufmann},
	Title = {Proceedings of the 9th International Joint Conference on Artificial Intelligence. Los Angeles, CA, August 1985},
	Year = {1985}}

@article{kaplan1990search,
	Author = {Kaplan, Craig A and Simon, Herbert A},
	Date-Added = {2013-10-20 17:00:52 +0000},
	Date-Modified = {2013-10-20 17:01:25 +0000},
	Journal = {Cognitive psychology},
	Keywords = {cognition, problem solving, representation},
	Number = {3},
	Pages = {374--419},
	Publisher = {Elsevier},
	Title = {In search of insight},
	Volume = {22},
	Year = {1990}}

@article{journals/air/FlenerS08,
	Added-At = {2009-09-23T00:00:00.000+0200},
	Author = {Flener, Pierre and Schmid, Ute},
	Biburl = {http://www.bibsonomy.org/bibtex/20e9e930205b865dfb413b1c9d50d0c97/dblp},
	Date = {2009-09-23},
	Date-Added = {2013-10-20 16:59:32 +0000},
	Date-Modified = {2013-10-20 16:59:32 +0000},
	Description = {dblp},
	Ee = {http://dx.doi.org/10.1007/s10462-009-9108-7},
	Interhash = {8d1f4513d25949d3633799b6d823dfc1},
	Intrahash = {0e9e930205b865dfb413b1c9d50d0c97},
	Journal = {Artif. Intell. Rev.},
	Keywords = {inductive programming},
	Number = 1,
	Pages = {45-62},
	Timestamp = {2009-09-23T00:00:00.000+0200},
	Title = {An introduction to inductive programming.},
	Url = {http://dblp.uni-trier.de/db/journals/air/air29.html#FlenerS08},
	Volume = 29,
	Year = 2008,
	Bdsk-Url-1 = {http://dblp.uni-trier.de/db/journals/air/air29.html#FlenerS08}}

@incollection{RosenbloomNe86,
	Added-At = {2010-05-10T18:39:38.000+0200},
	Author = {Rosenbloom, Paul S. and Newell, Alan},
	Biburl = {http://www.bibsonomy.org/bibtex/2fb89fed0e6dca944a2ad5ee9fd31a3ab/emanuel},
	Booktitle = {Machine Learning: An Artificial Intelligence Approach},
	Chapter = 10,
	Date-Added = {2013-10-20 16:57:21 +0000},
	Date-Modified = {2013-10-20 16:57:37 +0000},
	Editor = {Michalski, Ryszard S. and Carbonell, Jaime G. and Mitchell, Tom M.},
	Interhash = {474dec58e63910e1df9897ab801d6e5f},
	Intrahash = {fb89fed0e6dca944a2ad5ee9fd31a3ab},
	Keywords = {cognition, chunking, planning, SOAR},
	Publisher = {Morgan Kaufmann Publishers},
	Timestamp = {2010-05-10T18:39:38.000+0200},
	Title = {The Chunking of Goal Hierarchies: A Generalized Model of Practice},
	Volume = 2,
	Year = 1986}

@book{anderson_atomic_1998,
	Added-At = {2009-09-10T09:59:19.000+0200},
	Address = {Mahwah, New Jersey},
	Author = {Anderson, J. R. and Lebiere, C.},
	Biburl = {http://www.bibsonomy.org/bibtex/201621e3af8c060df703e1ac0dbb63ffc/schweste},
	Date-Added = {2013-10-20 16:56:20 +0000},
	Date-Modified = {2013-10-20 16:56:20 +0000},
	Interhash = {03cfad41918431304ed51dfeb2041bbb},
	Intrahash = {01621e3af8c060df703e1ac0dbb63ffc},
	Keywords = {act act-r anderson},
	Publisher = {Lawrence Erlbaum associates},
	Timestamp = {2009-09-10T09:59:19.000+0200},
	Title = {The atomic components of thought},
	Year = 1998}

@article{DBLP:journals/cogsr/SchmidK11,
	Author = {Ute Schmid and Emanuel Kitzelmann},
	Bibsource = {DBLP, http://dblp.uni-trier.de},
	Date-Added = {2013-10-20 16:52:41 +0000},
	Date-Modified = {2013-10-20 16:53:48 +0000},
	Ee = {http://dx.doi.org/10.1016/j.cogsys.2010.12.002},
	Journal = {Cognitive Systems Research},
	Keywords = {Igor2, Inductive Functional Programming, Inductive Programming, Cognitive Science},
	Number = {3-4},
	Pages = {237-248},
	Rating = {4},
	Read = {1},
	Title = {Inductive rule learning on the knowledge level},
	Volume = {12},
	Year = {2011}}

@article{DBLP:journals/cogsr/SchmidRGF11,
	Author = {Ute Schmid and Marco Ragni and Cleotilde Gonzalez and Joachim Funke},
	Bibsource = {DBLP, http://dblp.uni-trier.de},
	Date-Added = {2013-10-20 16:52:07 +0000},
	Date-Modified = {2013-10-20 16:57:45 +0000},
	Ee = {http://dx.doi.org/10.1016/j.cogsys.2010.12.007},
	Journal = {Cognitive Systems Research},
	Keywords = {cognition, complexity},
	Number = {3-4},
	Pages = {211-218},
	Title = {The challenge of complexity for cognitive systems},
	Volume = {12},
	Year = {2011}}
@article{barrett2010satisfiability,
  title={The satisfiability modulo theories library (smt-lib). www},
  author={Barrett, Clark and Stump, Aaron and Tinelli, Cesare},
  journal={SMT-LIB. org},
  volume={15},
  pages={18--52},
  year={2010}
}

@article{graves2014neural,
  title={Neural turing machines},
  author={Graves, Alex and Wayne, Greg and Danihelka, Ivo},
  journal={arXiv:1410.5401},
  year={2014}
}
@article{DBLP:journals/corr/ReedF15,
  author    = {Scott Reed and
               Nando de Freitas},
  title     = {Neural Programmer-Interpreters},
  journal   = {CoRR},
  volume    = {abs/1511.06279},
  year      = {2015},
  url       = {http://arxiv.org/abs/1511.06279},
  timestamp = {Tue, 01 Dec 2015 19:22:34 +0100},
  biburl    = {http://dblp.uni-trier.de/rec/bib/journals/corr/ReedF15},
  bibsource = {dblp computer science bibliography, http://dblp.org}
}



@inproceedings{valiant1985np,
  title={NP is as easy as detecting unique solutions},
  author={Valiant, Leslie G and Vazirani, Vijay V},
  booktitle={Proceedings of the seventeenth annual ACM symposium on Theory of computing},
  pages={458--463},
  year={1985},
  organization={ACM}
}

@inproceedings{vinyals2015pointer,
  title={Pointer networks},
  author={Vinyals, Oriol and Fortunato, Meire and Jaitly, Navdeep},
  booktitle={Advances in Neural Information Processing Systems},
  pages={2674--2682},
  year={2015}
}


@inproceedings{gomes2006near,
  title={Near-uniform sampling of combinatorial spaces using XOR constraints},
  author={Gomes, Carla P and Sabharwal, Ashish and Selman, Bart},
  booktitle={Advances In Neural Information Processing Systems},
  pages={481--488},
  year={2006}
}

@inproceedings{AAAI148364,
	author = {Supratik Chakraborty and Daniel Fremont and Kuldeep Meel and Sanjit Seshia and Moshe Vardi},
	title = {Distribution-Aware Sampling and Weighted Model Counting for SAT},
	booktitle = {AAAI Conference on Artificial Intelligence},
	year = {2014},
	keywords = {Weighted model counting;weighted sampling;SAT;Probabilistic inference;machine learning},
	abstract = {Given a CNF formula and a weight for each assignment of values tovariables, two natural problems are weighted model counting anddistribution-aware sampling of satisfying assignments.  Both problems have a wide variety of important applications.  Due to the inherentcomplexity of the exact versions of the problems, interest has focusedon solving them approximately.  Prior work in this area scaled only tosmall problems in practice, or failed to provide strong theoreticalguarantees, or employed a computationally-expensive most-probable-explanation ({\MPE}) queries that assumes prior knowledge of afactored representation of the weight distribution. We identify a novel parameter,\emph{tilt}, which is the ratio of the maximum weight of satisfying assignment to minimum weightof satisfying assignment and present anovel approach that works with a black-box oracle for weights ofassignments and requires only an {\NP}-oracle (in practice, a {\SAT}-solver) to solve both thecounting and sampling problems when the tilt is small.  Our approach  provides strong theoretical guarantees, and scales toproblems involving several thousand variables. We also show that theassumption of small tilt can be significantly relaxed while improving computational efficiency if a factored representation of the weights is known.},

	url = {http://www.aaai.org/ocs/index.php/AAAI/AAAI14/paper/view/8364}
}

@inproceedings{approximatemc,
author = {S. Chakraborty and K. S. Meel and M. Y. Vardi},
title = {A Scalable Approximate Model Counter},
booktitle = {International Conference on Principles and Practice of Constraint Programming},
year = {2013}
}

@inproceedings{chakraborty2014balancing,
  title={Balancing scalability and uniformity in SAT witness generator},
  author={Chakraborty, Supratik and Meel, Kuldeep S and Vardi, Moshe Y},
  booktitle={Proceedings of the 51st Annual Design Automation Conference},
  pages={1--6},
  year={2014},
  organization={ACM}
}
@inproceedings{gomes2006model,
  title={Model counting: A new strategy for obtaining good bounds},
  author={Gomes, Carla P and Sabharwal, Ashish and Selman, Bart},
  booktitle = {AAAI Conference on Artificial Intelligence},
  year={2006}
}


@inproceedings{DBLP:conf/ecai/LinDETM14,
  author    = {Dianhuan Lin and
               Eyal Dechter and
               Kevin Ellis and
               Joshua B. Tenenbaum and
               Stephen Muggleton},
  title     = {Bias reformulation for one-shot function induction},
  booktitle = {{ECAI} 2014},
  pages     = {525--530},
  year      = {2014},
  crossref  = {DBLP:conf/ecai/2014},
  url       = {http://dx.doi.org/10.3233/978-1-61499-419-0-525},
  doi       = {10.3233/978-1-61499-419-0-525},
  timestamp = {Thu, 11 Sep 2014 16:14:08 +0200},
  biburl    = {http://dblp.uni-trier.de/rec/bib/conf/ecai/LinDETM14},
  bibsource = {dblp computer science bibliography, http://dblp.org}
}

@inproceedings{ellis2015unsupervised,
  title={Unsupervised Learning by Program Synthesis},
  author={Ellis, Kevin and Solar-Lezama, Armando and Tenenbaum, Josh},
  booktitle={Advances in Neural Information Processing Systems},
  pages={973--981},
  year={2015}
}

@inproceedings{ellis2016sampling,
  title={Sampling for Bayesian Program Learning},
  author={Ellis, Kevin and Solar-Lezama, Armando and Tenenbaum, Josh},
  booktitle={Advances in Neural Information Processing Systems},
  year={2016}
}


@inproceedings{raychev2016learning,
  title={Learning programs from noisy data},
  author={Raychev, Veselin and Bielik, Pavol and Vechev, Martin and Krause, Andreas},
  booktitle={POPL},
  pages={761--774},
  year={2016},
  organization={ACM}
}

@inproceedings{mayer2015user,
  title={User interaction models for disambiguation in programming by example},
  author={Mayer, Mika{\"e}l and Soares, Gustavo and Grechkin, Maxim and Le, Vu and Marron, Mark and Polozov, Oleksandr and Singh, Rishabh and Zorn, Benjamin and Gulwani, Sumit},
  booktitle={Proceedings of the 28th Annual ACM Symposium on User Interface Software \& Technology},
  pages={291--301},
  year={2015},
  organization={ACM}
}

@article{polozov2015flashmeta,
  title={FlashMeta: A framework for inductive program synthesis},
  author={Polozov, Oleksandr and Gulwani, Sumit},
  journal={ACM SIGPLAN Notices},
  volume={50},
  number={10},
  pages={107--126},
  year={2015},
  publisher={ACM}
}


@inproceedings{schmidhuber2002speed,
  title={The Speed Prior: a new simplicity measure yielding near-optimal computable predictions},
  author={Schmidhuber, J{\"u}rgen},
  booktitle={International Conference on Computational Learning Theory},
  pages={216--228},
  year={2002},
  organization={Springer}
}


@inproceedings{singh2015predicting,
  title={Predicting a correct program in programming by example},
  author={Singh, Rishabh and Gulwani, Sumit},
  booktitle={International Conference on Computer Aided Verification},
  pages={398--414},
  year={2015},
  organization={Springer}
}


@inproceedings{singh2013automated,
  title={Automated feedback generation for introductory programming assignments},
  author={Singh, Rishabh and Gulwani, Sumit and Solar-Lezama, Armando},
  booktitle={ACM SIGPLAN Notices},
  volume={48},
  number={6},
  pages={15--26},
  year={2013},
  organization={ACM}
}

@inproceedings{gulwani2011automating,
  title={Automating string processing in spreadsheets using input-output examples},
  author={Gulwani, Sumit},
  booktitle={ACM SIGPLAN Notices},
  volume={46},
  number={1},
  pages={317--330},
  year={2011},
  organization={ACM}
}
@inproceedings{solar2006combinatorial,
  title={Combinatorial sketching for finite programs},
  author={Solar-Lezama, Armando and Tancau, Liviu and Bodik, Rastislav and Seshia, Sanjit and Saraswat, Vijay},
  booktitle={ACM Sigplan Notices},
  volume={41},
  number={11},
  pages={404--415},
  year={2006},
  organization={ACM}
}

@misc{crypto,
  title = {CryptoMiniSAT},
  howpublished = "\url{http://www.msoos.org/documentation/cryptominisat/}"
}

@inproceedings{ermon2014low,
  title={Low-density parity constraints for hashing-based discrete integration},
  author={Ermon, Stefano and Gomes, Carla and Sabharwal, Ashish and Selman, Bart},
  booktitle={ICML},
  pages={271--279},
  year={2014}
}

@article{achlioptas2015stochastic,
  title={Stochastic integration via errorcorrecting codes},
    journal={UAI},
    year = {2015},
  author={Achlioptas, Dimitris and Jiang, Pei}
}

@article{tenenbaum2011grow,
  title={How to grow a mind: Statistics, structure, and abstraction},
  author={Tenenbaum, Joshua B and Kemp, Charles and Griffiths, Thomas L and Goodman, Noah D},
  journal={Science},
  volume=331,
  number=6022,
  pages={1279--1285},
  year=2011,
  publisher={American Association for the Advancement of Science}
}
@inproceedings{doyle-etal:2014acl,
  author = {Doyle, Gabriel and Bicknell, Klinton and Levy, Roger},
  booktitle = {Proceedings of the 52nd Annual Meeting of the Association for Computational Linguistics},
  title = {Nonparametric Learning of Phonological Constraints in Optimality Theory},
  year = {2014},
  pages = {1094‚Äì1103}
}

@article{carey2011origin,
  title={The origin of concepts: A pr{\'e}cis},
  author={Carey, Susan},
  journal={The Behavioral and brain sciences},
  volume={34},
  number={3},
  pages={113},
  year={2011},
  publisher={NIH Public Access}
}


@book{fodor1975language,
  title={The language of thought},
  author={Fodor, Jerry A},
  volume={5},
  year={1975},
  publisher={Harvard University Press}
}
@inbook{GoodmanEtAl2015-Chapter, author = {Goodman, Noah D and Tenenbaum, Joshua B and Gerstenberg, T}, booktitle = {The Conceptual Mind: New Directions in the Study of Concepts}, editor = {Morgolis and Lawrence}, publisher = {MIT Press}, title = {Concepts in a probabilistic language of thought}, website = {papers/GoodmanEtAl2015-Chapter.pdf}, year = {2015} }
@book{9780511808869,
author = "David Odden",
title = {Introducing Phonology}, 
publisher = {Cambridge University Press}, 
year = {2005},
isbn = {9780511808869}, 
note = {Cambridge Books Online}, 
url = {http://dx.doi.org/10.1017/CBO9780511808869}
}


@inproceedings{kulkarni2015picture,
  title={Picture: A probabilistic programming language for scene perception},
  author={Kulkarni, Tejas D and Kohli, Pushmeet and Tenenbaum, Joshua B and Mansinghka, Vikash},
  booktitle={Proceedings of the IEEE Conference on Computer Vision and Pattern Recognition},
  pages={4390--4399},
  year={2015}
}

@article{saffran1996statistical,
  title={Statistical learning by 8-month-old infants},
  author={Saffran, Jenny R and Aslin, Richard N and Newport, Elissa L},
  journal={Science},
  volume={274},
  number={5294},
  pages={1926--1928},
  year={1996},
  publisher={American Association for the Advancement of Science}
}


@article{falkenhainer1989structure,
  title={The structure-mapping engine: Algorithm and examples},
  author={Falkenhainer, Brian and Forbus, Kenneth D and Gentner, Dedre},
  journal={Artificial intelligence},
  volume={41},
  number={1},
  pages={1--63},
  year={1989},
  publisher={Elsevier}
}
@inproceedings{zhao2011image,
  title={Image parsing with stochastic scene grammar},
  author={Zhao, Yibiao and Zhu, Song-Chun},
  booktitle={Advances in Neural Information Processing Systems},
  pages={73--81},
  year={2011}
}
@article{barbu2012objectsTackingEvents,
author={Andrei Barbu, Siddharth Narayanaswamy, Aaron Michaux, Jeffrey Mark Siskind},
title={Simultaneous object detection, tracking, and event recognition},
journal={Advances in Cognitive Systems},
volume={2},
pages={203-220},
year={2012}}
@article{siddharth2012unseeability,
author={Siddharth Narayanaswamy, Andrei Barbu, Jeffrey Mark Siskind},
title={Seeing unseeability to see the unseeable},
journal={Advances in Cognitive Systems},
volume={2},
pages={77-94},
year={2012}}
@inproceedings{cheema2012quickdraw,
  title={QuickDraw: improving drawing experience for geometric diagrams},
  author={Cheema, Salman and Gulwani, Sumit and LaViola, Joseph},
  booktitle={Proceedings of the SIGCHI Conference on Human Factors in Computing Systems},
  pages={1037--1064},
  year={2012},
  organization={ACM}
}
@conference{1754,
	title = {Metareasoning in Symbolic Domains},
	booktitle = {NIPS Workshop | Bounded Optimality and Rational Metareasoning},
	year = {2015},
	month = {12/2015},
	abstract = {<p>Many AI problems, such as planning, grammar learning, program induction, and theory discovery, require searching in symbolic domains. Most models perform this search by evaluating a sequence of candidate solutions, generated in order by some heuristic. Human reasoning, though, is not limited to sequential trial and error.\&nbsp; In particular, humans are able to reason <em>about </em>what the solution to a particular problem should look like, before comparing candidates against the data. In a program synthesis task, for instance, a human might first determine that the task at hand should be solved by a tail-recursive algorithm, before filling in the\&nbsp; algorithm{\textquoteright}s details.</p>

<p>Reasoning in this way about solution structure confers at least two computational advantages. First, a given structure subsumes a potentially large collection of primitive solutions, and exploiting the constraints present in the structure{\textquoteright}s definition makes it possible to eval- uate the collection in substantially less time than it would take to evaluate each in turn. For example, a programmer might quickly conclude that a given algorithm cannot be implemented without recursion, without having to consider all possible non-recursive solutions. Second, it is often possible to estimate ahead of time the cost of evaluating different structures, making it possible to prioritize those that can be treated cheaply. In planning a route through an unfamiliar city, for example, one might first consider possibilities which use the subway exclusively, excluding for the moment ones that involve bus trips as well: if a successfully subway-only solution can be found, one then avoids the (potentially) exponentially more difficult bus-and-subway search problem.</p>

<p>Here, we consider a family of toy problems [1], in which an agent is given a balance scale, and is required to find a lighter counterfeit coin in a collection of genuine coins using at most some prescribed number of weighings. We develop a language for expressing solution structure\&nbsp; that places restrictions on a set of <em>programs</em>,\&nbsp; and use recent program synthesis techniques to search for a solution, encoded as a program, subject to hypothesized constraints on the program \&nbsp;structure.</p>
},
	url = {https://sites.google.com/site/boundedoptimalityworkshop/},
	author = {Kevin Ellis and Owen Lewis}
}
@article{dayan1995helmholtz,
  title={The helmholtz machine},
  author={Dayan, Peter and Hinton, Geoffrey E and Neal, Radford M and Zemel, Richard S},
  journal={Neural computation},
  volume={7},
  number={5},
  pages={889--904},
  year={1995},
  publisher={MIT Press}
}
@techreport{lenat1976artificial,
  title={AM: An artificial intelligence approach to discovery in mathematics as heuristic search},
  author={Lenat, Douglas B},
  year={1976},
  institution={DTIC Document}
}
@article{kingma2013auto,
  title={Auto-encoding variational bayes},
  author={Kingma, Diederik P and Welling, Max},
  journal={arXiv preprint arXiv:1312.6114},
  year={2013}
}

@article{bornschein2014reweighted,
  title={Reweighted wake-sleep},
  author={Bornschein, J{\"o}rg and Bengio, Yoshua},
  journal={arXiv preprint arXiv:1406.2751},
  year={2014}
}


@article{burda2015importance,
  title={Importance weighted autoencoders},
  author={Burda, Yuri and Grosse, Roger and Salakhutdinov, Ruslan},
  journal={arXiv preprint arXiv:1509.00519},
  year={2015}
}

@inproceedings{coalescing,
title = {Coalescing the Vapors of Human Experience into a Viable and Meaningful Comprehension},
author = {omer D. Ullman and Max Siegel and and Joshua B. Tenenbaum and Samuel J. Gershman},
booktitle = {CogSci},
year = 2016}

@article{kurach2015neural,
  title={Neural random-access machines},
  author={Kurach, Karol and Andrychowicz, Marcin and Sutskever, Ilya},
  journal={arXiv preprint arXiv:1511.06392},
  year={2015}
}

@article{kaiser2015neural,
  title={Neural gpus learn algorithms},
  author={Kaiser, {\L}ukasz and Sutskever, Ilya},
  journal={arXiv preprint arXiv:1511.08228},
  year={2015}
}
@article{gaunt2016terpret,
  title={TerpreT: A Probabilistic Programming Language for Program Induction},
  author={Gaunt, Alexander L and Brockschmidt, Marc and Singh, Rishabh and Kushman, Nate and Kohli, Pushmeet and Taylor, Jonathan and Tarlow, Daniel},
  journal={arXiv preprint arXiv:1608.04428},
  year={2016}
}
@article{lenat1983eurisko,
  title={EURISKO: a program that learns new heuristics and domain concepts: the nature of heuristics III: program design and results},
  author={Lenat, Douglas B},
  journal={Artificial intelligence},
  volume={21},
  number={1},
  pages={61--98},
  year={1983},
  publisher={Elsevier}
}
@book{haugeland1989artificial,
  title={Artificial intelligence: The very idea},
  author={Haugeland, John},
  year={1989}
}
@article{muggleton1991inductive,
  title={Inductive logic programming},
  author={Muggleton, Stephen},
  journal={New generation computing},
  volume={8},
  number={4},
  pages={295--318},
  year={1991},
  publisher={Springer}
}
@article{dvzeroski2001applications,
  title={Applications of symbolic machine learning to ecological modelling},
  author={D{\v{z}}eroski, Sa{\v{s}}o},
  journal={Ecological Modelling},
  volume={146},
  number={1},
  pages={263--273},
  year={2001},
  publisher={Elsevier}
}
@book{mitchell1998introduction,
  title={An introduction to genetic algorithms},
  author={Mitchell, Melanie},
  year={1998}
}
@inproceedings{solomonoff1989system,
  title={A system for incremental learning based on algorithmic probability},
  author={Solomonoff, Ray J},
  year={1989},
  organization={Sixth Israeli Conference on Artificial Intelligence, Computer Vision and Pattern Recognition}
}
@article{cotterell-peng-eisner-2015,
  author =      {Ryan Cotterell and Nanyun Peng and Jason Eisner},
  title =       {Modeling Word Forms Using Latent Underlying Morphs and
                 Phonology},
  journal =     {Transactions of the Association for Computational
                 Linguistics},
  pages =       {433--447},
  volume =      {3},
  year =        {2015},
  issn =        {2307-387X},
  url =         {http://cs.jhu.edu/~jason/papers/#cotterell-peng-eisner-2015}
}
@inproceedings{Rule2015RepresentingAL,
  title={Representing and Learning a Large System of Number Concepts with Latent Predicate Networks},
  author={Joshua Rule and Eyal Dechter and Joshua B. Tenenbaum},
  booktitle={COGSCI},
  year={2015}
}
@inproceedings{goldwater2003learning,
  title={Learning OT constraint rankings using a maximum entropy model},
  author={Goldwater, Sharon and Johnson, Mark}
}
@article{simon1981scientific,
  title={Scientific discovery as problem solving},
  author={Simon, Herbert A and Langley, Patrick W and Bradshaw, Gary L},
  journal={Synthese},
  volume={47},
  number={1},
  pages={1--27},
  year={1981},
  publisher={Springer}
}
@book{langley1987scientific,
  title={Scientific discovery: Computational explorations of the creative processes},
  author={Langley, Pat},
  publisher = {MIT Press},
  year={1987}
}
@book{prince2008optimality,
  title={Optimality Theory: Constraint interaction in generative grammar},
  author={Prince, Alan and Smolensky, Paul},
  year={2008},
  publisher={John Wiley \& Sons}
}
@article{bever2010analysis,
  title={Analysis by synthesis: a (re-) emerging program of research for language and vision},
  author={Bever, Thomas G and Poeppel, David},
  journal={Biolinguistics},
  volume={4},
  number={2-3},
  pages={174--200},
  year={2010}
}
@article{izadinia2016im2cad,
  title={IM2CAD},
  author={Izadinia, Hamid and Shan, Qi and Seitz, Steven M},
  journal={arXiv preprint arXiv:1608.05137},
  year={2016}
}
@inproceedings{yildirim2015efficient,
year = {2016},
journal = {CogSci},
  title={Efficient and robust analysis-by-synthesis in vision: A computational framework, behavioral tests, and modeling neuronal representations},
  author={Yildirim, Ilker and Kulkarni, Tejas D and Freiwald, Winrich A and Tenenbaum, Joshua B}
}
@article{huang2016shape,
  title={Shape Synthesis from Sketches via Procedural Models and Convolutional Networks},
  author={Huang, Haibin and Kalogerakis, Evangelos and Yumer, Ersin and Mech, Radomir},
  journal={IEEE transactions on visualization and computer graphics},
  volume={22},
  number={10},
  pages={1},
  year={2016}
}
@inproceedings{martinovic2013bayesian,
  title={Bayesian grammar learning for inverse procedural modeling},
  author={Martinovic, Andelo and Van Gool, Luc},
  booktitle={Proceedings of the IEEE Conference on Computer Vision and Pattern Recognition},
  pages={201--208},
  year={2013}
}
@inproceedings{vst2010inverse,
  title={Inverse Procedural Modeling by Automatic Generation of L-systems},
  author={{\v{S}}t'ava, O and Bene{\v{s}}, B and M{\v{e}}ch, R and Aliaga, Daniel G and Kri{\v{s}}tof, P},
  booktitle={Computer Graphics Forum},
  volume={29},
  number={2},
  pages={665--674},
  year={2010},
  organization={Wiley Online Library}
}
@article{muggleton2015meta,
  title={Meta-interpretive learning of higher-order dyadic datalog: Predicate invention revisited},
  author={Muggleton, Stephen H and Lin, Dianhuan and Tamaddoni-Nezhad, Alireza},
  journal={Machine Learning},
  volume={100},
  number={1},
  pages={49--73},
  year={2015},
  publisher={Springer}
}
@inproceedings{le2014flashextract,
  title={FlashExtract: a framework for data extraction by examples},
  author={Le, Vu and Gulwani, Sumit},
  booktitle={ACM SIGPLAN Notices},
  volume={49},
  number={6},
  pages={542--553},
  year={2014},
  organization={ACM}
}
@article{singh2012learning,
  title={Learning semantic string transformations from examples},
  author={Singh, Rishabh and Gulwani, Sumit},
  journal={Proceedings of the VLDB Endowment},
  volume={5},
  number={8},
  pages={740--751},
  year={2012},
  publisher={VLDB Endowment}
}
@article{singhblinkfill,
  title={BlinkFill: Semi-supervised Programming By Example for Syntactic String Transformations},
  author={Singh, Rishabh},
   journal={Proceedings of the VLDB Endowment},
  year={2016},
  publisher={VLDB Endowment}
}
@phdthesis{lau2001programming,
  title={Programming by demonstration: a machine learning approach},
  author={Lau, Tessa},
  year={2001},
  school={University of Washington}
}
@article{gershman2012tutorial,
  title={A tutorial on Bayesian nonparametric models},
  author={Gershman, Samuel J and Blei, David M},
  journal={Journal of Mathematical Psychology},
  volume={56},
  number={1},
  pages={1--12},
  year={2012},
  publisher={Elsevier}
}
@article{citeulike:13833942,
year = {2014},
    author = {Tieleman, T. and Hinton, G.},
    citeulike-article-id = {13833942},
    citeulike-linkout-0 = {http://www.cs.toronto.edu/\~{}tijmen/csc321/slides/lecture\_slides\_lec6.pdf},
    keywords = {gradient\_based\_descenting, loss\_functions, optimization},
    posted-at = {2015-11-09 16:27:58},
    priority = {2},
    title = {{RMSprop Gradient Optimization}},
    url = {http://www.cs.toronto.edu/\~{}tijmen/csc321/slides/lecture\_slides\_lec6.pdf}
}

@inproceedings{raza2015compositional,
  title={Compositional Program Synthesis from Natural Language and Examples},
  author={Raza, Mohammad and Gulwani, Sumit and Milic-Frayling, Natasa},
  booktitle={Twenty-Fourth International Joint Conference on Artificial Intelligence},
  year={2015}
}
@inproceedings{le2013smartsynth,
  title={Smartsynth: Synthesizing smartphone automation scripts from natural language},
  author={Le, Vu and Gulwani, Sumit and Su, Zhendong},
  booktitle={Proceeding of the 11th annual international conference on Mobile systems, applications, and services},
  pages={193--206},
  year={2013},
  organization={ACM}
}
@article{gulwani2014example,
  title={Example-based learning in computer-aided stem education},
  author={Gulwani, Sumit},
  journal={Communications of the ACM},
  volume={57},
  number={8},
  pages={70--80},
  year={2014},
  publisher={ACM}
}
@inproceedings{cheema2012quickdraw,
  title={QuickDraw: improving drawing experience for geometric diagrams},
  author={Cheema, Salman and Gulwani, Sumit and LaViola, Joseph},
  booktitle={Proceedings of the SIGCHI Conference on Human Factors in Computing Systems},
  pages={1037--1064},
  year={2012},
  organization={ACM}
}
@book{2001:YWM:369505,
 title = {Your Wish is My Command: Programming by Example},
 year = 2001,
 isbn = {1-55860-688-2},
 author = {Henry Lieberman},
 publisher = {Morgan Kaufmann Publishers Inc.},
 address = {San Francisco, CA, USA},
key = {{$\!\!$}} ,
} 
@inproceedings{Mayer:2015:UIM:2807442.2807459,
 author = {Mayer, Mika\"{e}l and Soares, Gustavo and Grechkin, Maxim and Le, Vu and Marron, Mark and Polozov, Oleksandr and Singh, Rishabh and Zorn, Benjamin and Gulwani, Sumit},
 title = {User Interaction Models for Disambiguation in Programming by Example},
 booktitle = {Proceedings of the 28th Annual ACM Symposium on User Interface Software \&\#38; Technology},
 series = {UIST '15},
 year = {2015},
 isbn = {978-1-4503-3779-3},
 location = {Daegu, Kyungpook, Republic of Korea},
 pages = {291--301},
 numpages = {11},
 url = {http://doi.acm.org/10.1145/2807442.2807459},
 doi = {10.1145/2807442.2807459},
 acmid = {2807459},
 publisher = {ACM},
 address = {New York, NY, USA},
 keywords = {data manipulation, disambiguation, program navigation, programming by example},
}

@inproceedings{singh2012synthesizing,
  title={Synthesizing number transformations from input-output examples},
  author={Singh, Rishabh and Gulwani, Sumit},
  booktitle={International Conference on Computer Aided Verification},
  pages={634--651},
  year={2012},
  organization={Springer}
}
@article{feng2016component,
  title={Component-based Synthesis of Table Consolidation and Transformation Tasks from Examples},
  author={Feng, Yu and Martins, Ruben and Van Geffen, Jacob and Dillig, Isil and Chaudhuri, Swarat},
  journal={PLDI},
  year={2016}
}
@article{chomsky1956three,
  title={Three models for the description of language},
  author={Chomsky, Noam},
  journal={IRE Transactions on information theory},
  volume={2},
  number={3},
  pages={113--124},
  year={1956},
  publisher={IEEE}
}
@article{rulebased,
  title={Learning rule-based morpho-phonology},
  author={Ezer Rasin, Iddo Berger, Roni Katzir},
  journal={Submitted.},
  year={December 2015}
}


@article{frank2011three,
  title={Three ideal observer models for rule learning in simple languages},
  author={Frank, Michael C and Tenenbaum, Joshua B},
  journal={Cognition},
  volume={120},
  number={3},
  pages={360--371},
  year={2011},
  publisher={Elsevier}
}
@article{gerken2006decisions,
  title={Decisions, decisions: Infant language learning when multiple generalizations are possible},
  author={Gerken, LouAnn},
  journal={Cognition},
  volume={98},
  number={3},
  pages={B67--B74},
  year={2006},
  publisher={Elsevier}
}
@article{schmidt2009distilling,
  title={Distilling free-form natural laws from experimental data},
  author={Schmidt, Michael and Lipson, Hod},
  journal={science},
  volume={324},
  number={5923},
  pages={81--85},
  year={2009},
  publisher={American Association for the Advancement of Science}
}
@article{becker2011surfeit,
  title={The surfeit of the stimulus: Analytic biases filter lexical statistics in Turkish laryngeal alternations},
  author={Becker, Michael and Ketrez, Nihan and Nevins, Andrew},
  journal={Language},
  volume={87},
  number={1},
  pages={84--125},
  year={2011},
  publisher={Linguistic Society of America}
}
@book{chomsky1988current,
  title={Current Issues in Linguistic Theory},
  author={Chomsky, N.},
  isbn={9783110867565},
  series={Janua Linguarum. Series Minor},
  url={https://books.google.com/books?id=OZuif4ZJjUUC},
  year={1988},
  publisher={De Gruyter}
}
@book{chomsky1968sound,
  title={The sound pattern of English},
  author={Chomsky, N. and Halle, M.},
  lccn={67023446},
  series={Studies in language},
  url={https://books.google.com/books?id=y6liAAAAMAAJ},
  year={1968},
  publisher={Harper \& Row}
}
@article{smith1966grammatical,
  title={Grammatical intrusions in the recall of structured letter pairs: Mediated transfer or position learning?},
  author={Smith, Kirk H},
  journal={Journal of Experimental Psychology},
  volume={72},
  number={4},
  pages={580},
  year={1966},
  publisher={American Psychological Association}
}
@article{marcus1999rule,
  title={Rule learning by seven-month-old infants},
  author={Marcus, Gary F and Vijayan, Sugumaran and Rao, S Bandi and Vishton, Peter M},
  journal={Science},
  volume={283},
  number={5398},
  pages={77--80},
  year={1999},
  publisher={American Association for the Advancement of Science}
}
@article{aslin2012statistical,
  title={Statistical learning from acquiring specific items to forming general rules},
  author={Aslin, Richard N and Newport, Elissa L},
  journal={Current directions in psychological science},
  volume={21},
  number={3},
  pages={170--176},
  year={2012},
  publisher={Sage Publications}
}
@article{gerken2010infants,
  title={Infants use rational decision criteria for choosing among models of their input},
  author={Gerken, LouAnn},
  journal={Cognition},
  volume={115},
  number={2},
  pages={362--366},
  year={2010},
  publisher={Elsevier}
}


@inproceedings{eslami1603attend,
  title={Attend, Infer, Repeat: Fast Scene Understanding with Generative Models},
  author={Eslami, SM and Heess, N and Weber, T},
  booktitle={NIPS},
  year = {2016}
}
@inproceedings{ritchie2016neurally,
  title={Neurally-Guided Procedural Models: Amortized Inference for Procedural Graphics Programs using Neural Networks},
  author={Ritchie, Daniel and Thomas, Anna and Hanrahan, Pat and Goodman, Noah},
  booktitle={NIPS},
  year={2016}
}
@inproceedings{Hempel:2016:SSP:2984511.2984575,
 author = {Hempel, Brian and Chugh, Ravi},
 title = {Semi-Automated SVG Programming via Direct Manipulation},
 booktitle = {Proceedings of the 29th Annual Symposium on User Interface Software and Technology},
 series = {UIST '16},
 year = {2016},
 isbn = {978-1-4503-4189-9},
 location = {Tokyo, Japan},
 pages = {379--390},
 numpages = {12},
 url = {http://doi.acm.org/10.1145/2984511.2984575},
 doi = {10.1145/2984511.2984575},
 acmid = {2984575},
 publisher = {ACM},
 address = {New York, NY, USA},
 keywords = {direct manipulation, live programming, svg},
}

@article{huang2017shape,
  title={Shape Synthesis from Sketches via Procedural Models and Convolutional Networks},
  author={Huang, Haibin and Kalogerakis, Evangelos and Yumer, Ersin and Mech, Radomir},
  journal={IEEE transactions on visualization and computer graphics},
  year={2017}
}
@article{Nishida:2016:ISU:2897824.2925951,
 author = {Nishida, Gen and Garcia-Dorado, Ignacio and Aliaga, Daniel G. and Benes, Bedrich and Bousseau, Adrien},
 title = {Interactive Sketching of Urban Procedural Models},
 journal = {ACM Trans. Graph.},
 volume = {35},
 number = {4},
 year = {2016},
}

@article{ganchev2010posterior,
  title={Posterior regularization for structured latent variable models},
  author={Ganchev, Kuzman and Gillenwater, Jennifer and Taskar, Ben and others},
  journal={Journal of Machine Learning Research},
  volume={11},
  number={Jul},
  pages={2001--2049},
  year={2010}
}
@article{forbus2011cogsketch,
  title={CogSketch: Sketch understanding for cognitive science research and for education},
  author={Forbus, Kenneth and Usher, Jeffrey and Lovett, Andrew and Lockwood, Kate and Wetzel, Jon},
  journal={Topics in Cognitive Science},
  volume={3},
  number={4},
  pages={648--666},
  year={2011},
  publisher={Wiley Online Library}
}
@book{SMCBook,
    editor = {Doucet, Arnaud and De Freitas, Nando and Gordon, Neil},
    title = {{Sequential Monte Carlo Methods in Practice}},
    publisher = {Springer},
    year = {2001}
}

@techreport{MDN,
     title = {{Mixture Density Networks}},
     author = {Christopher M. Bishop},
     year = {1994}
}
@article{lee1999learning,
  title={Learning the parts of objects by non-negative matrix factorization},
  author={Lee, Daniel D and Seung, H Sebastian},
  journal={Nature},
  volume={401},
  number={6755},
  pages={788--791},
  year={1999},
  publisher={Nature Publishing Group}
}
@article{cox2008multidimensional,
  title={Multidimensional scaling},
  author={Cox, Michael AA and Cox, Trevor F},
  journal={Handbook of data visualization},
  pages={315--347},
  year={2008},
  publisher={Springer}
}
@misc{tensorflow2015-whitepaper,
title={ {TensorFlow}: Large-Scale Machine Learning on Heterogeneous Systems},
url={http://tensorflow.org/},
note={Software available from tensorflow.org},
author={
    Mart\'{\i}n~Abadi and
    Ashish~Agarwal and
    Paul~Barham and
    Eugene~Brevdo and
    Zhifeng~Chen and
    Craig~Citro and
    Greg~S.~Corrado and
    Andy~Davis and
    Jeffrey~Dean and
    Matthieu~Devin and
    Sanjay~Ghemawat and
    Ian~Goodfellow and
    Andrew~Harp and
    Geoffrey~Irving and
    Michael~Isard and
    Yangqing Jia and
    Rafal~Jozefowicz and
    Lukasz~Kaiser and
    Manjunath~Kudlur and
    Josh~Levenberg and
    Dan~Man\'{e} and
    Rajat~Monga and
    Sherry~Moore and
    Derek~Murray and
    Chris~Olah and
    Mike~Schuster and
    Jonathon~Shlens and
    Benoit~Steiner and
    Ilya~Sutskever and
    Kunal~Talwar and
    Paul~Tucker and
    Vincent~Vanhoucke and
    Vijay~Vasudevan and
    Fernanda~Vi\'{e}gas and
    Oriol~Vinyals and
    Pete~Warden and
    Martin~Wattenberg and
    Martin~Wicke and
    Yuan~Yu and
    Xiaoqiang~Zheng},
  year={2015},
}
@inproceedings{mnih2014recurrent,
  title={Recurrent models of visual attention},
  author={Mnih, Volodymyr and Heess, Nicolas and Graves, Alex and others},
  booktitle={Advances in neural information processing systems},
  pages={2204--2212},
  year={2014}
}
@inproceedings{jaderberg2015spatial,
  title={Spatial transformer networks},
  author={Jaderberg, Max and Simonyan, Karen and Zisserman, Andrew and others},
  booktitle={NIPS},
  year={2015}
}
@inproceedings{vinyals2015show,
  title={Show and tell: A neural image caption generator},
  author={Vinyals, Oriol and Toshev, Alexander and Bengio, Samy and Erhan, Dumitru},
  booktitle={Proceedings of the IEEE conference on computer vision and pattern recognition},
  pages={3156--3164},
  year={2015}
}
@article{Summers:1977:MLP:321992.322002,
 author = {Summers, Phillip D.},
 title = {A Methodology for LISP Program Construction from Examples},
 journal = {J. ACM},
 issue_date = {Jan. 1977},
 volume = {24},
 number = {1},
 month = jan,
 year = {1977},
 issn = {0004-5411},
 pages = {161--175},
 numpages = {15},
 url = {http://doi.acm.org/10.1145/321992.322002},
 doi = {10.1145/321992.322002},
 acmid = {322002},
 publisher = {ACM},
 address = {New York, NY, USA},
}
@article{levin1973universal,
  title={Universal sequential search problems},
  author={Levin, Leonid Anatolevich},
  journal={Problemy Peredachi Informatsii},
  volume={9},
  number={3},
  pages={115--116},
  year={1973},
  publisher={Russian Academy of Sciences, Branch of Informatics, Computer Equipment and Automatization}
}
@article{solomonoff1984optimum,
  title={Optimum sequential search},
  author={Solomonoff, Raymond J},
  year = {1984}  
}
@article{BalGauBroetal16,
  author = {Matej Balog and Alexander L.~Gaunt and Marc
                  Brockschmidt and Sebastian Nowozin and Daniel Tarlow},
  title = {{D}eep{C}oder: {L}earning to Write Programs},
  abstract = {We develop a first line of attack for solving programming
              competition-style problems from input-output examples using
              deep learning. The approach is to train a neural network to
              predict properties of the  program that generated the outputs
              from the inputs. We use the neural network's predictions to
              augment search techniques from the programming languages
              community, including enumerative search and an SMT-based
              solver. Empirically, we show that our approach leads to an
              order of magnitude speedup over the strong non-augmented
              baselines and a Recurrent Neural Network approach, and
              that we are able to solve problems of difficulty comparable
              to the simplest problems on programming competition websites.},
  year = 2016,
  month = {November},
  url = {https://arxiv.org/abs/1611.01989},
  journal =  {arXiv preprint arXiv:1611.01989}
}
@inproceedings{nsd,
  title={Neural Scene De-rendering},
  author={Wu, Jiajun and Tenenbaum, Joshua B and Kohli, Pushmeet},
  booktitle={CVPR},
  year=2017
}
@article{DBLP:journals/corr/Beltramelli17,
  author    = {Tony Beltramelli},
  title     = {pix2code: Generating Code from a Graphical User Interface Screenshot},
  journal   = {CoRR},
  volume    = {abs/1705.07962},
  year      = {2017},
  url       = {http://arxiv.org/abs/1705.07962},
  timestamp = {Wed, 07 Jun 2017 14:42:16 +0200},
  biburl    = {http://dblp.org/rec/bib/journals/corr/Beltramelli17},
  bibsource = {dblp computer science bibliography, http://dblp.org}
}
@article{graves2016hybrid,
  title={Hybrid computing using a neural network with dynamic external memory},
  author={Graves, Alex and Wayne, Greg and Reynolds, Malcolm and Harley, Tim and Danihelka, Ivo and Grabska-Barwi{\'n}ska, Agnieszka and Colmenarejo, Sergio G{\'o}mez and Grefenstette, Edward and Ramalho, Tiago and Agapiou, John and others},
  journal={Nature},
  volume={538},
  number={7626},
  pages={471--476},
  year={2016},
  publisher={Nature Research}
}
@book{Goodfellow-et-al-2016,
    title={Deep Learning},
    author={Ian Goodfellow and Yoshua Bengio and Aaron Courville},
    publisher={MIT Press},
%    note={\url{http://www.deeplearningbook.org}},
    year={2016}
}
@inproceedings{im2latex,
	Author = {Yuntian Deng and Anssi Kanervisto and Jeffrey Ling and Alexander M. Rush},
	Booktitle = {ICML},
	Title = {Image-to-Markup Generation with Coarse-to-Fine Attention},
	Year = {2017}
}
@article{devlin2017robustfill,
  title={RobustFill: Neural Program Learning under Noisy I/O},
  author={Devlin, Jacob and Uesato, Jonathan and Bhupatiraju, Surya and Singh, Rishabh and Mohamed, Abdel-rahman and Kohli, Pushmeet},
  journal={ICML},
  year={2017}
}
@article{nps,
  title={Neural Program Search: Solving Data Processing Tasks from Description and Examples},
%  author={Devlin, Jacob and Uesato, Jonathan and Bhupatiraju, Surya and Singh, Rishabh and Mohamed, Abdel-rahman and Kohli, Pushmeet},
  journal={ Under review at ICLR},
  year={2018}
}
@inproceedings{paige2016inference,
  title={Inference networks for sequential Monte Carlo in graphical models},
  author={Paige, Brooks and Wood, Frank},
  booktitle={International Conference on Machine Learning},
  pages={3040--3049},
  year={2016}
}
@inproceedings{vinyals2015grammar,
  title={Grammar as a foreign language},
  author={Vinyals, Oriol and Kaiser, {\L}ukasz and Koo, Terry and Petrov, Slav and Sutskever, Ilya and Hinton, Geoffrey},
  booktitle={Advances in Neural Information Processing Systems},
  pages={2773--2781},
  year={2015}
}
@article{schmidhuber1997shifting,
  title={Shifting inductive bias with success-story algorithm, adaptive Levin search, and incremental self-improvement},
  author={Schmidhuber, J{\"u}rgen and Zhao, Jieyu and Wiering, Marco},
  journal={Machine Learning},
  volume={28},
  number={1},
  pages={105--130},
  year={1997},
  publisher={Springer}
}
@article{ganin2018synthesizing,
  title={Synthesizing Programs for Images using Reinforced Adversarial Learning},
  author={Ganin, Yaroslav and Kulkarni, Tejas and Babuschkin, Igor and Eslami, SM and Vinyals, Oriol},
  journal={arXiv preprint arXiv:1804.01118},
  year={2018}
}
@article{kalyan2018neural,
  title={Neural-Guided Deductive Search for Real-Time Program Synthesis from Examples},
  author={Kalyan, Ashwin and Mohta, Abhishek and Polozov, Oleksandr and Batra, Dhruv and Jain, Prateek and Gulwani, Sumit},
  year={2018}
}
